3222 5092
331 333 370 389 24

329 491 415 576 μάχη
441 543 499 570 ...,
523 485 689 576 ἀκηκόατε
712 482 740 554 ὦ
763 481 881 573 ἀνδρες
905 487 1069 562 dranosa&
1101 498 1150 569 19,
1163 497 1212 555 65.
1236 495 1454 570 24‚109.155.

331 606 420 677 one.
435 606 482 663 19.
505 604 555 672 eoi
569 604 607 660 14
630 601 668 658 n.
1283 631 1284 636 ι

355 709 357 716 “
416 705 553 780 Denique
576 702 806 762 Demosthenem
838 719 891 778 pro
919 686 972 757 ὅτι
1000 700 1047 759 vel
1068 686 1115 769 ὡς
1138 699 1242 776 paucis
1265 699 1339 759 locis
1364 700 1454 773 parti·

331 807 400 866 cula
423 790 489 864 ὅτε
512 806 564 882 uti,
587 805 672 880 quasi
695 792 775 873 τούς
794 793 940 880 χρόνους
963 802 1011 861 vel
1034 802 1128 860 simile
1151 799 1223 877 quid
1247 800 1454 877 praecederet,

331 909 426 970 obiter·
449 925 660 968 commemoro:
684 909 711 980 3,
724 910 743 965 4
757 889 921 984 μέμνησθ’
936 949 942 962 .
957 948 985 963 ..
1002 888 1052 963 ὅτ’
1069 888 1266 982 ἀπηγγέλθη
1282 896 1454 974 Φίλιππος

403 1003 611 1087 πολιορκῶν.
635 1081 636 1090 ¹
657 1009 700 1070 Of.
717 1010 766 1082 18,
778 1010 838 1068 291
861 991 992 1084 μάλιστ’
1009 994 1184 1082 ἐθαύμασα
1213 994 1366 1075 πάντων,
1397 990 1453 1064 ὅτε

331 1109 403 1174 τῶν
418 1099 678 1189 συμβεβηκότων
692 1099 772 1168 τότε
787 1105 828 1185 τη
843 1097 941 1167 πόλει
956 1101 1125 1186 μνησθείς,
1142 1090 1201 1184 οὐχ
1216 1089 1263 1176 ὦς
1278 1092 1321 1164 ἀν
1336 1092 1454 1175 εὔνοος

332 1208 389 1273 καὶ
412 1209 539 1284 δίκαιος
558 1207 697 1292 πολίτης
713 1201 785 1289 ἔσχε
801 1201 864 1289 την
880 1199 1016 1289 γνώμην
1038 1199 1121 1284 xvi,
1137 1213 1198 1285 34,
1206 1213 1246 1270 46
1269 1193 1454 1287 (ἀναφέρω)

332 1309 378 1388 εἲς
400 1335 436 1376 τε
458 1306 521 1376 τὸν
542 1302 679 1392 Λάμπιν
703 1299 810 1372 αὐτὸν
832 1307 888 1372 καὶ
917 1303 998 1382 τούς
1027 1297 1239 1382 ἀκούσαντας
1268 1297 1374 1371 αὐτοῦ
1398 1296 1454 1370 ὅτε

332 1406 397 1478 οὐκ
428 1409 491 1498 ἔφη
522 1403 741 1497 ἀπειληφέναι
770 1405 809 1475 τὸ
838 1401 1021 1493 χρύσιονῐ);
1054 1417 1104 1485 43,
1117 1418 1157 1476 64
1186 1403 1350 1491 παράπαν
1381 1398 1455 1473 odo'

332 1509 467 1598 ᾔσθετο,
491 1507 547 1580 ὅτε
569 1499 611 1601 ἦν
632 1508 879 1598 τετελευτηκώς
897 1501 1036 1596 Ἁγνίας;
1059 1517 1112 1577 sed
1136 1518 1181 1576 his
1203 1519 1276 1576 locis
1292 1503 1349 1575 ὅτε
1365 1519 1453 1577 etiam

332 1624 370 1684 ad
393 1629 530 1700 tempora
553 1623 654 1682 verbis
678 1621 929 1698 praecedentibus
957 1621 1088 1680 indicata
1109 1621 1215 1680 referri
1239 1623 1344 1697 potest.
1390 1620 1456 1680 Alia

331 1726 469 1804 exempla
490 1725 635 1786 Kuehuer
659 1723 790 1799 §551st
815 1724 975 1800 congessit.

375 1963 393 2036 §
417 1967 449 2056 3,
486 1962 537 2020 De
560 1946 835 2020 enuntiationum
857 1977 877 2018 a
898 1963 1078 2032 particulis
1101 1949 1154 2022 ὅτι
1177 1952 1287 2036 (διότι)
1310 1967 1346 2020 et
1367 1957 1413 2032 aig

332 2059 334 2064 ’
557 2065 797 2134 incipientium
818 2065 1033 2133 temporibus
1056 2069 1092 2121 et
1113 2065 1235 2121 modis.

418 2203 646 2276 Euantiationes
669 2221 686 2261 a
709 2202 866 2278 particulis
888 2186 942 2259 ὅτι
965 2206 994 2260 et
1009 2183 1054 2271 ὡς
1068 2201 1221 2278 profectae
1237 2203 1267 2261 lu
1284 2202 1455 2262 universum

333 2307 375 2364 ita
405 2305 483 2364 inter
512 2323 545 2363 se
577 2303 726 2376 differunt,
758 2308 791 2362 nt
818 2305 848 2361 in
877 2303 979 2362 alteris
1002 2304 1097 2362 oratio
1120 2311 1203 2363 recta
1227 2305 1317 2381 plane
1339 2305 1456 2380 integra

332 2411 489 2486 repetatur
511 2405 566 2485 (1.),
596 2408 625 2465 iu
649 2407 760 2483 alteris,
789 2408 813 2465 si
846 2425 905 2466 non
935 2407 1120 2483 temporibus
1147 2413 1177 2466 et
1205 2405 1301 2466 modis
1324 2412 1455 2466 attamen

333 2497 468 2586 personis
492 2527 570 2586 quae
592 2509 710 2585 quidem
735 2513 874 2585 poterant
897 2510 1025 2580 mutatis,
1054 2509 1145 2568 verba
1168 2510 1217 2568 vel
1239 2510 1370 2586 cogitata
1393 2511 1457 2568 sive

333 2601 408 2672 alius
432 2597 585 2671 cuiusdam
610 2612 736 2671 hominis
759 2612 822 2670 sive
846 2613 972 2670 oratoris
996 2613 1093 2688 ipsius
1122 2630 1175 2688 per
1198 2612 1361 2672 orationem
1385 2612 1455 2672 obli·

334 2734 421 2792 quam
451 2733 541 2792 quam
569 2715 674 2774 dicunt
700 2714 869 2774 referantur
892 2712 962 2786 (IL).
1008 2715 1137 2792 Utrique
1158 2721 1255 2774 autem
1279 2715 1383 2792 generi
1406 2733 1457 2774 eas

333 2818 496 2878 attribuere
519 2817 598 2894 licet,
625 2819 654 2876 in
679 2818 786 2893 quibua
809 2834 953 2894 personas
977 2818 1120 2877 orationis
1143 2825 1244 2877 rectae
1268 2820 1295 2876 iu
1320 2818 1457 2878 oratione

334 2921 455 2997 obliqua
484 2920 652 2978 immutatas
667 2920 804 2978 retineri
835 2937 956 2980 necesse
979 2925 1044 2979 erat
1068 2938 1165 2996 nequo
1188 2939 1224 2978 ex
1247 2920 1312 2978 aliis
1335 2920 1457 2995 quibus·

335 3021 405 3081 libet
427 3021 545 3084 indiciis
567 3022 692 3081 iudicari
715 3027 822 3098 potest,
845 3023 903 3080 utri
927 3023 1030 3098 generi
1054 3022 1297 3082 adnumerandae
1320 3023 1394 3088 sint;
1426 3027 1458 3081 ut

334 3129 384 3200 47,
397 3128 436 3186 33
460 3113 621 3202 προσῄειν
644 3111 730 3202 πρός
744 3141 781 3183 τε
796 3114 877 3194 τούς
892 3110 1103 3196 ἀποστολέας
1126 3171 1132 3182 .
1148 3171 1174 3182 ..
1200 3119 1308 3202 λέγων
1324 3112 1377 3184 ὅτι
1393 3110 1457 3184 οὐκ

336 3213 523 3286 ἀποδίδωσί
545 3243 602 3304 μοι
624 3216 668 3284 τὰ
689 3218 793 3306 σκεύη
818 3210 1040 3306 ὁθεόφημος,
1066 3213 1086 3286 ἃ
1108 3214 1220 3303 ὦφλεν
1243 3221 1279 3286 ὲν
1300 3225 1350 3306 τῴ
1367 3220 1452 3285 δικα·

334 3323 468 3409 οτηρίῳ.
515 3329 596 3403 Quas
619 3347 730 3406 omnes,
760 3331 816 3390 etei
838 3349 893 3406 per
916 3331 1075 3391 nonnullas
1098 3336 1247 3390 oratorem
1272 3332 1367 3407 ipsum
1393 3349 1456 3390 ore·

335 3435 445 3492 tionem
477 3438 586 3492 rectam
619 3433 753 3508 intellegi
777 3433 907 3492 voluisse
930 3433 1030 3509 oredo,
1060 3453 1125 3492 cum
1151 3453 1294 3510 quaenam
1321 3435 1375 3492 hae
1399 3435 1458 3493 siut

334 3535 480 3612 suspicari
511 3554 571 3596 non
603 3537 692 3595 liceat
721 3554 818 3613 neque
841 3554 944 3595 omues
966 3553 1033 3595 esse
1056 3540 1168 3595 certum
1192 3535 1341 3612 videatur,
1370 3536 1456 3596 alteri

335 3639 437 3716 generi
462 3637 578 3696 addam.
623 3639 721 3697 Huius
743 3637 853 3697 deinde
877 3639 979 3697 variae
1002 3640 1119 3714 species
1143 3645 1224 3696 sunt:
1252 3641 1304 3697 aut
1326 3638 1403 3696 enim
1428 3643 1458 3697 et

335 3749 470 3818 tempora
500 3745 530 3800 et
558 3742 635 3800 modi
660 3743 801 3803 orationis
823 3747 925 3802 rectae
948 3747 1068 3802 servata
1090 3737 1217 3819 (lle.)²),
1247 3747 1300 3800 aut
1322 3745 1458 3819 tempora

421 3955 442 4024 ¹)
461 3949 528 4018 τοὺς
547 3945 728 4019 ἀκούσαντας
747 3947 797 4010 ὅτε
815 3955 978 4025 Sjoestrand
995 3956 1012 4010 l.
1023 3973 1046 4011 c.
1065 3973 1091 4024 p.
1103 3960 1144 4010 33.
1162 3956 1202 4010 Bl.
1230 3955 1318 4010 Libris
1342 3947 1387 4011 dm
1412 3973 1457 4010 ex·

335 4039 455 4108 hibetur;
474 4041 524 4094 sed
534 4041 691 4095 coniectura
701 4057 735 4095 eo
745 4041 883 4108 probatur,
903 4042 977 4110 quod
988 4035 1086 4096 ἀκούω
1097 4031 1141 4096 ὅτι
1151 4056 1201 4108 pro
1212 4035 1328 4094 ἀκούειν
1340 4058 1363 4095 ο.
1374 4043 1458 4110 geuit.

334 4130 406 4193 part.
423 4125 570 4180 coniuncto
588 4125 832 4180 insolentissimum
851 4131 909 4196 est,
927 4143 983 4180 uno
996 4127 1057 4181 loco
1071 4132 1111 4193 58,
1122 4130 1153 4180 32
1167 4120 1289 4180 ἀκούετε
1302 4132 1353 4182 τοῦ
1367 4123 1457 4192 νόμον

396 4201 440 4264 ὅτι
459 4206 612 4280 διαρρήδην
630 4205 708 4280 λέγει
727 4211 854 4266 librorum
874 4203 918 4266 dut
937 4211 1090 4266 confirmari
1102 4228 1157 4266 nou
1170 4217 1273 4279 potest.
1342 4215 1364 4278 ²)
1384 4213 1458 4266 Haec

336 4300 473 4350 structura
490 4312 544 4350 una
561 4296 634 4366 apud
653 4296 801 4351 Homerum
821 4299 937 4370 legitur,
953 4297 987 4356 cf.
1001 4296 1118 4358 schmitt
1135 4297 1151 4351 l.
1162 4297 1178 4350 l.
1190 4313 1217 4367 p.
1227 4301 1260 4350 69
1270 4313 1311 4367 sq.
1339 4297 1458 4366 Optativi
