3222 5092
1230 423 1276 482 195

150 581 204 654 ὅτι
227 594 295 654 olim
318 593 410 654 fnisse
433 594 635 656 accusativum
659 593 843 670 pronominis
865 593 997 668 relativi,
1028 592 1080 652 ssd
1107 592 1165 652 iam
1188 590 1277 669 apud·

150 699 315 759 Homerum
344 698 435 775 plane
465 697 496 758 in
528 695 746 757 coniunctionis
775 713 861 756 nsum
891 694 1011 774 abiisee;
1045 713 1090 766 ως
1112 693 1210 755 autem
1233 712 1271 754 ex

149 799 231 860 iilius
260 800 390 861 ablativo
417 800 559 877 paulatim
589 801 619 859 in
644 799 881 860 coniunctionem
904 803 1126 875 transgressum
1149 799 1271 858 notione

150 903 300 981 primitiva
330 922 367 963 ex
399 905 486 980 parte
516 905 630 962 mutata
659 902 807 962 nonnullis
838 902 913 962 locis
943 901 1068 961 eundem
1100 918 1189 978 quem
1219 883 1272 958 ὅτι

153 1025 272 1068 sensum
306 1007 507 1084 occupavisse.
551 1003 687 1066 Oeternm
721 1005 810 1064 huius
832 1005 996 1082 particulae
1017 986 1063 1074 ὡς
1085 998 1138 1080 (=
1153 996 1272 1080 „‹iass“)

151 1109 232 1186 apud
255 1109 417 1169 Homerum
448 1127 508 1168 nun
532 1108 587 1167 nisi
611 1107 755 1186 primitias
777 1106 931 1184 cognosci,
960 1124 1027 1166 cum
1050 1107 1080 1166 in
1103 1105 1196 1165 Iliade
1219 1123 1273 1165 nn-

152 1211 254 1272 decies
283 1215 414 1287 tanturn,
449 1211 478 1270 in
502 1207 646 1287 Odyssia,
676 1228 764 1287 quam
787 1210 964 1269 recentioris
986 1208 1092 1269 aetatis
1115 1225 1181 1268 csse
1203 1227 1276 1268 con·⁴

152 1318 226 1385 stat,
257 1313 348 1390 panio
371 1313 493 1390 saepius
515 1313 637 1389 (septies
660 1307 771 1383 decies)
794 1313 835 1371 ita
856 1315 1000 1388 usurpata
1022 1311 1068 1382 sit,
1099 1297 1152 1368 ὅτι
1174 1313 1275 1371 autem

151 1415 215 1490 (vu
238 1399 267 1490 ὅ,
298 1416 327 1475 ιι
359 1415 439 1493 quon
472 1434 539 1474 eum
570 1415 621 1475 nro
644 1411 786 1487 alternat)
809 1434 826 1473 a
848 1414 946 1474 verus
969 1413 1097 1492 urceum,
1124 1412 1278 1474 senticum

151 1519 215 1578 sim.
238 1517 374 1594 pendens
396 1517 596 1594 quinquagies
618 1517 798 1576 inveniatur.

237 1621 293 1679 His
315 1619 487 1696 praemissis
515 1619 552 1678 ad
581 1636 666 1679 nsum
689 1619 953 1680 Demosthenicum
977 1616 1186 1696 explicandum
1208 1630 1278 1695 per}

151 1739 268 1801 gamus.

238 1825 272 1884 in
304 1843 364 1901 quo
396 1811 450 1883 ὅτι
479 1829 509 1885 et
540 1807 586 1895 ὡς
617 1831 686 1903 post
707 1825 801 1884 verba
824 1824 950 1902 dicendi,
977 1823 1126 1884 sentiendi
1149 1825 1213 1884 sim.
1234 1823 1279 1883 ita·

152 1927 293 2003 usurpari
320 1926 465 2004 videmus,
496 1931 529 1986 nt
558 1927 638 1987 illius
666 1927 778 1988 finibus
810 1934 962 2002 tamquam
989 1927 1158 1998 imminutis,
1189 1925 1277 1986 innius

152 2029 328 2107 propagatis
350 2031 379 2088 in
397 2030 568 2090 universnm
585 2034 683 2090 certae
700 2029 847 2108 quaedam
864 2031 946 2106 leges
961 2029 1089 2107 valeant,
1111 2028 1279 2089 seeundum

152 2151 230 2208 quas
259 2133 363 2192 atteris
391 2131 464 2192 locis
494 2118 558 2207 ὅτι,
591 2134 693 2193 alteris
722 2115 769 2203 ὡς
796 2133 932 2193 adhiberi
954 2133 1059 2193 soiaat.
1095 2115 1176 2191 (Ότι
1199 2133 1278 2192 enim

153 2235 317 2312 praecipue
340 2233 459 2312 dicitnr,
480 2236 504 2295 si
528 2253 572 2307 ea,
596 2253 674 2313 quae
697 2235 859 2296 enuntiatis
875 2234 1063 2312 explicativis
1079 2235 1278 2308 continentur,

153 2338 203 2398 vel
224 2335 429 2410 factaidieta)
453 2355 518 2399 esse
542 2339 591 2399 vet
612 2337 676 2399 fieri
701 2337 784 2412 (dici)
807 2339 855 2398 vel
876 2338 978 2399 futura
1002 2355 1068 2398 asse
1091 2335 1278 2410 (dictamini)

153 2441 329 2516 simpliciter
352 2445 503 2514 narratum
536 2443 638 2518 itaque
661 2442 818 2518 reperitur,
846 2441 896 2502 ubi
920 2459 968 2502 res
991 2459 1081 2502 verae
1104 2459 1279 2502 commemo·

153 2546 269 2603 rantur,
286 2540 333 2615 (nt
357 2545 405 2619 18,
418 2547 457 2605 32
482 2527 571 2622 δεῦρ’
594 2527 875 2623 ἀπαγγειλάντων
896 2527 991 2625 ἡμῶν
1014 2529 1067 2603 ὅτι
1088 2537 1202 2621 μέλλει
1225 2538 1281 2602 καὶ

153 2631 444 2723 παρασκευάζεται
466 2635 692 2724 πορεύεσθαι),
727 2648 879 2724 colloquia
907 2652 1088 2707 enarrantur
1110 2644 1156 2720 (nt
1179 2649 1281 2721 50,40

155 2741 317 2824 λέγοντος
340 2739 377 2806 δέ
396 2763 463 2825 μου
478 2745 595 2822 ταῦτα,
621 2734 826 2825 ἀπεκρίνατό
841 2766 899 2826 μοι
915 2734 968 2808 ὅτι
982 2738 1117 2826 μύθους
1133 2742 1282 2827 λέγοιμι),

155 2850 266 2926 aliqua,
299 2852 410 2926 quibus
443 2851 517 2910 iaisa
543 2851 785 2913 adversariorum
808 2860 987 2928 argumenta
1008 2851 1184 2923 refutentur,
1215 2869 1282 2928 pro·

156 2953 295 3012 feruntur
318 2952 363 3020 (ut
388 2955 435 3027 19,
447 2956 488 3015 89
510 2943 597 3030 πρὸς
619 2944 660 3031 δὴ
683 2941 779 3014 ταῦτ’
802 2939 901 3013 ἐκεῖν’
922 2936 1009 3032 ὑμᾶς
1029 2937 1283 3032 ὑπολαμβάνειν

157 3050 218 3126 δεῖ,
248 3043 301 3114 ὅτι
331 3049 388 3114 καὶ
416 3045 459 3115 τὰ
484 3052 659 3118 Φιλιππου
686 3044 852 3137 πράγματ’
874 3049 911 3116 ἐκ
934 3051 993 3138 τῆς
1020 3046 1151 3138 εἰρήνης
1173 3041 1283 3136 γέγον’-

157 3145 376 3236 εὐπορώτερα
404 3156 524 3238 πολλῷ
554 3150 644 3233 κτλ).
686 3143 747 3231 Ὡς
778 3165 875 3221 antem
905 3161 1080 3238 praesertim
1113 3165 1285 3238 usurpatur,

157 3263 182 3321 si
210 3279 288 3338 quae
318 3262 355 3320 ab
383 3267 503 3323 oratore
533 3267 803 3324 commemorantur
833 3282 869 3322 ex
901 3281 1018 3338 eorum,
1050 3263 1199 3339 aquibus
1221 3263 1283 3323 sive

157 3363 300 3424 dicuntur
329 3365 393 3424 sive
423 3364 504 3425 dicta
533 3370 616 3437 sunt,
639 3367 789 3426 mentibus
819 3365 1023 3443 intellegenda
1057 3369 1134 3425 snut.
1179 3366 1284 3444 Itaque

157 3467 268 3541 legitur
290 3467 427 3543 primurn,
449 3468 499 3527 nbi
522 3488 581 3528 non
607 3469 661 3528 nisi
685 3470 871 3546 singulorum
896 3468 1062 3530 sententiae
1085 3472 1137 3528 aut
1160 3467 1285 3529 consilia

159 3571 416 3629 communicantur
439 3572 485 3639 (ut
509 3575 535 3646 1,
550 3576 589 3632 14
611 3564 639 3630 εἰ
671 3557 742 3630 δ’ὁ
770 3565 831 3650 μὲν
861 3558 907 3642 ὡς
938 3557 988 3629 ἀει
1018 3587 1052 3628 τι
1077 3568 1194 3647 μεῖζον
1214 3566 1285 3629 τῶν

158 3655 385 3748 ὑπαρχόντων
401 3666 453 3731 δεῖ
466 3663 629 3750 πράττειν
644 3665 801 3752 ἐγνωκώς
816 3664 917 3746 ἔσται,
933 3661 1026 3752 ἡμεῖς
1042 3657 1070 3731 δ’
1087 3654 1132 3744 ὡς
1147 3657 1287 3744 οὐδενὸς

159 3761 383 3854 ἀντιληπτέον
412 3767 610 3853 ἐρρωμένως
636 3775 705 3835 τῶν
727 3767 936 3856 πραγμάτων
957 3767 1052 3853 κτὲ.);
1088 3775 1206 3850 deinde,
1237 3776 1286 3835 ubi

159 3896 237 3954 quac
260 3877 353 3952 ipsius
376 3879 504 3938 oratoris
520 3879 630 3939 indicio
647 3880 776 3939 adversa
790 3884 861 3939 sunt
876 3880 1110 3957 pronuntiantur
1126 3883 1169 3946 (ut
1186 3881 1233 3950 18,
1244 3881 1284 3938 22

159 3971 206 4048 εἰς
220 3963 349 4036 τοῦθ’ι
333 3995 415 4059 ηκεν
431 3963 636 4052 ἀναιδείας
614 3967 683 4039 ωότ
685 3965 832 4058 ἐτόλμα
849 3975 968 4060 λέγειν,
991 3997 1037 4050 ως
1054 3966 1095 4058 ἄρ
1097 3963 1187 4058 ἐγώ
1201 3968 1287 4056 πρὸς

159 4075 210 4158 τῷ
232 4076 293 4156 τῆς
314 4067 497 4162 εἰρήνης’
468 4074 574 4154 αιτιος
596 4079 807 4180 γεγενῆσθαι,
831 4077 887 4140 καὶ
909 4069 1113 4152 κεκωλυκως
1136 4073 1208 4160 εἵην
1223 4066 1288 4158 τὴν

160 4173 262 4240 πόλιν
290 4200 373 4259 μετα
403 4182 523 4244 κοινοῦ
552 4179 729 4264 συνεδρίου
759 4201 832 4244 των
850 4167 1020 4262 Ελλήνων
1042 4173 1171 4263 ταύτην
1192 4172 1288 4262 ποιή-

160 4282 315 4362 cautant}
346 4304 406 4361 qua
435 4287 472 4346 de
502 4305 593 4348 causa
621 4287 895 4365 frequentissimum
926 4293 992 4360 eet,
1030 4285 1079 4346 ubi
1110 4286 1288 4347 enuntiatio·

162 4387 251 4446 nibus
274 4389 463 4464 explicativis
485 4395 662 4468 argumenta
685 4390 831 4468 quaedam
855 4389 1057 4461 continentur,
1086 4405 1164 4466 quae
1188 4393 1290 4449 orator

1102 4498 1137 4554 2*
