3222 5092
332 397 372 457 36

331 555 475 623 ἐκτίνειν
508 558 692 644 συμβέβηκέ
722 580 779 641 μοι
811 559 1020 646 τριηραρχία,
1053 560 1110 624 καί
1145 553 1365 628 ἀποστέλλειν
1399 560 1452 629 διὰ

333 657 455 744 τάχους
485 662 537 727 δεῖ
564 653 626 747 τήν
653 657 783 748 τριήρη,
814 662 870 725 καί
901 650 919 724 δ
944 655 1129 748 στρατηγὸς
1147 654 1337 749 Ἀλκίμαχος
1359 655 1454 752 αύτῷ

332 759 598 848 παρασκευάζειν
620 759 753 828 κελεύοι
779 761 908 848 ταύτην
929 761 991 851 τὴν
1012 768 1111 832 ναύν;
1142 763 1277 832 κελεύοι
1299 771 1319 833 S
1338 779 1370 834 εί
1387 777 1453 853 γρΒ

332 870 399 944 (Bk.
414 869 471 931 Tu.
487 869 563 948 θοή,
585 860 712 929 κελεύει
728 889 756 929 v.
772 869 842 945 (Dd.
858 870 930 944 Bl.);
954 877 1109 948 praeterea
1131 893 1186 950 pro
1210 869 1261 933 δεῖ
1280 875 1311 934 in
1334 871 1369 936 8¹
1384 871 1454 935 δεῖν

331 979 384 1034 est
415 1003 456 1014 -
484 976 545 1064 „59,
564 976 603 1034 81
635 964 741 1032 ἐδεῖτο
859 967 976 1051 λέγων,
1016 960 1068 1033 δτι
1106 961 1170 1034 ούκ
1206 964 1279 1054 ήδει
1309 972 1453 1056 Νεαίρας

332 1061 439 1154 αύτήν
455 1065 561 1134 οὖσαν
575 1069 758 1154 θυγατέρα,
780 1060 853 1134 ἀλλ’
869 1069 1098 1156 ἐξαπατηθείη
1113 1065 1181 1136 ὑπὸ
1198 1068 1382 1154 Στεφάνου
1402 1124 1451 1140 ...

332 1171 388 1236 καὶ
412 1166 468 1236 διδι
489 1165 552 1258 τήν
574 1163 730 1254 άπειρίαν
750 1175 821 1236 τῶν
844 1170 1052 1257 πραγμάτων
1075 1175 1132 1238 καὶ
1153 1170 1215 1256 τὴν
1231 1165 1375 1240 άκακίαν
1392 1173 1453 1264 τήν

333 1269 456 1339 ἐαυτοῦ
477 1277 604 1338 τοῦτον
626 1271 797 1358 πάρεδρον
817 1271 1004 1362 ποιήσαιτο,
1027 1274 1082 1341 ίνα
1098 1273 1248 1364 διοικήσῃ
1263 1271 1326 1366 τήν
1341 1273 1453 1364 άρχήν,

332 1374 378 1452 ως
400 1367 525 1442 εύνουν
548 1370 640 1456 ὄντα,
668 1377 724 1440 καὶ
747 1373 801 1442 διά
824 1379 929 1442 τοῦτο
952 1375 1144 1463 κηδεύσειεν
1167 1371 1270 1465 αύτῷ.
1286 1417 1326 1426 -
1350 1391 1399 1463 59,
1412 1392 1451 1448 51

332 1478 544 1562 πεπυσμένος
566 1481 681 1560 σαφῶς
702 1471 775 1565 ήδη,
797 1469 849 1545 δτι
867 1476 1047 1561 Στεφάνου
1069 1480 1130 1564 μὲν
1144 1474 1208 1547 ούκ
1223 1482 1272 1568 είη
1287 1479 1452 1570 θυγάτηρ,

332 1581 477 1666 Νεαίρας
500 1581 545 1658 δέ,
564 1576 615 1644 τδ
639 1579 674 1645 δὲ
703 1584 844 1665 πρῶτον
865 1579 1062 1668 ἐξηπατήθη
1085 1635 1143 1650 ...
1167 1580 1320 1664 ἐκβάλλει
1342 1590 1452 1668 (praes.

332 1686 421 1761 hiem.
437 1719 477 1729 -
501 1687 635 1765 Ορίείίιί
659 1691 832 1766 potentianus
855 1696 885 1750 et
907 1693 1050 1752 orationis
1074 1693 1214 1770 obliquae
1238 1697 1287 1765 59,
1301 1697 1350 1770 69,
1379 1695 1451 1754 indi-

334 1792 449 1852 cativus
465 1783 552 1869 Ιἰωρί.
575 1807 598 1852 ο
622 1779 665 1850 άν
688 1793 865 1854 coniunctus
887 1799 917 1853 εί
940 1795 1092 1870 optativus
1115 1813 1157 1855 or.
1180 1795 1235 1855 obl.
1259 1799 1360 1872 53,23
1384 1814 1453 1856 con·

331 1894 435 1954 εοοίείί
458 1900 537 1954 sunt.
580 1895 626 1954 De
649 1898 729 1972 53‚5
753 1895 791 1955 εί.
811 1915 838 1973 p.
851 1899 899 1958 34.

418 1997 556 2072 Denique
578 1997 703 2074 optativi
721 1999 749 2056 in
767 2000 942 2058 continuata
958 2000 1093 2058 oratione
1109 2000 1230 2076 obliqua
1245 2001 1452 2060 inveniuntur:

330 2096 360 2171 ε)
390 2103 459 2175 post
486 2098 678 2160 indicativum
702 2103 751 2176 50,
763 2103 804 2160 44
826 2089 919 2176 ,ήδειν
946 2080 1011 2160 οὖν
1042 2087 1095 2159 ὅτι
1125 2083 1226 2171 οὗτος
1255 2095 1318 2177 μὲν
1346 2119 1452 2181 παρα-

332 2186 447 2276 λαβών
477 2187 583 2281 αύτήν
615 2197 728 2274 κακῶς
758 2193 874 2280 ἔμελλε
903 2193 1167 2284 τριηραρχήσειν·
1201 2191 1279 2262 ούτε
1309 2193 1371 2282 γὰρ
1401 2201 1452 2282 τῷ

332 2292 591 2384 τριηραρχήματι
622 2290 702 2362 ούτε
731 2311 802 2375 τοῖς
832 2296 1005 2378 ἐπιβάταις
1035 2301 1092 2364 καί
1121 2302 1161 2382 τή
1187 2293 1353 2387 ὑπηρεσίᾳ
1373 2296 1452 2383 χρή-

333 2416 441 2464 σοιτο·
465 2391 574 2474 ούδείς
594 2395 656 2484 γὰρ
679 2391 772 2484 αύτῷ
793 2414 985 2484 παραμενοῑ
993 2406 1030 2480 1);
1052 2406 1083 2480 b)
1107 2415 1174 2484 post
1197 2410 1347 2485 ορίείίνοε
1372 2412 1452 2486 1,2θ

332 2493 463 2584 ήκουον
486 2495 516 2566 δ’
533 2498 636 2585 ἐγωγέ
658 2525 773 2582 τινων,
796 2501 842 2578 ως
865 2494 944 2568 σύδέ
966 2497 1046 2581 τούς
1070 2503 1202 2588 λιμένας
1225 2504 1282 2568 καὶ
1303 2499 1363 2580 τὰς
1379 2497 1452 2587 άγο-

333 2602 392 2686 ράς
415 2600 464 2668 ἐτι
487 2601 627 2668 δώσοιεν
650 2595 741 2688 αὐτῷ
765 2607 998 2688 καρποῦσθαι·
1029 2602 1072 2670 τὰ
1093 2601 1157 2690 γάρ
1179 2601 1279 2670 κοινὰ
1305 2599 1349 2670 τὰ
1373 2609 1453 2671 θετ-

331 2706 444 2770 ταλῶν
468 2695 535 2798 άπὸ
557 2700 693 2770 τούτων
717 2705 785 2770 δέοι
817 2707 967 2786 διοικεῖν,
999 2698 1040 2772 ού
1065 2708 1238 2774 Φίλιππον
1261 2703 1451 2791 λαμβάνειν.

332 2818 382 2890 50,
396 2817 436 2874 50
457 2797 675 2890 ἀποκρίνεται
690 2812 895 2891 (ρι·εεε.·1ιίεί.)
912 2860 957 2874 ...
980 2802 1034 2874 δτι
1049 2804 1245 2896 τριήραρχός
1259 2833 1296 2874 τε
1312 2804 1378 2893 ἐγω
1393 2811 1453 2893 τῆς

332 2906 416 2987 νειὸς
432 2909 503 2994 είην
519 2911 575 2976 καὶ
590 2903 794 2991 ὑπεύθυνος,
807 2913 863 2976 καί
878 2907 940 2978 τὸν
954 2908 1080 2996 μισθὸν
1091 2905 1169 2995 παρ’
1180 2911 1262 2995 ἐμοῦ
1275 2907 1452 2994 λαμβάνοι·

333 3009 517 3077 πλεύσοιτο
540 3003 605 3076 οὖν
628 3005 661 3076 σί
683 3008 748 3096 ἐγοδ
771 3009 910 3078 κελεύω.
945 3024 1048 3096 53,10
1070 3011 1184 3079 κλάων·
1207 3009 1319 3097 ἔλεγεν
1343 3003 1396 3077 ὅτι
1418 3011 1453 3077 σί

332 3113 424 3196 ξένοι
447 3104 623 3178 άπαιτοίεν
644 3104 750 3180 αύτδν
774 3164 830 3180 ...
854 3111 893 3180 τδ
917 3111 1040 3180 λοιπὸν
1056 3104 1228 3199 άργύριον,
1252 3114 1308 3179 καί
1329 3113 1366 3178 ἐν
1379 3127 1454 3192 ταῖς

333 3227 539 3300 συγγραφαῖς
568 3213 617 3300 είη
647 3206 826 3300 τριάκονθ’
841 3205 975 3302 ήμερῶν
1005 3208 1111 3281 αὐτὸν
1140 3207 1329 3282 ἀποδοῦναι
1358 3207 1379 3302 ἢ
1405 3215 1453 3280 δι-

333 3314 477 3383 πλάσιον
505 3307 663 3396 ὀφείλειν,
694 3318 751 3382 καὶ
781 3309 833 3383 δτι
863 3315 903 3383 τδ
924 3318 1053 3402 χωρίον
1083 3315 1122 3383 τὸ
1151 3315 1187 3382 ἐν
1210 3313 1374 3403 γειτόνων
1395 3339 1454 3400 μοι

331 3421 435 3484 τούτο
465 3409 576 3495 οὐδεὶς
606 3417 720 3484 ἐθέλοι
750 3414 829 3485 οὔτε
851 3421 1017 3506 πρίασθαι
1040 3415 1118 3485 οὔτε
1140 3420 1314 3485 τίθεσθαι·
1348 3407 1454 3502 ὁγὰρ

332 3511 479 3602 άδελφδς
575 3511 699 3586 ούδίνα
723 3517 788 3606 ἐῴη
811 3516 890 3586 ούτε
914 3512 1074 3587 ούνείσθαι
1098 3513 1176 3586 ούτε
1197 3522 1366 3586 τίθεσθαι.
1381 3555 1424 3566 -

417 3689 439 3759 ¹)
457 3695 623 3760 παραμενοῖ
638 3689 690 3742 Bk.
708 3689 761 3743 BL:
780 3697 945 3759 παραμενεῖ
961 3690 1043 3745 SDd.
1057 3689 1108 3744 Tu.
1122 3689 1174 3744 Vo.
1198 3690 1321 3758 Madvig,
1346 3690 1453 3758 Syntax

335 3778 382 3828 130
401 3789 444 3828 an.
456 3781 480 3828 4.
721 3786 724 3791 ·

419 3944 541 4000 τηατ.
569 3935 642 4013 ’μοι
660 3944 725 4011 (tab.
736 3943 761 4014 1)
774 3945 829 3998 ind.
842 3943 891 3999 ιιι.
904 3949 970 4012 post
981 3944 1029 4000 ins.
1041 3961 1096 4000 ιιι.
1109 3945 1126 3998 ι.
1139 3949 1293 4013 υμινριο
1306 3948 1406 4013 τετυ.
1419 3975 1453 3984 -

332 4028 557 4098 p.³2(tab.111)
585 4034 641 4098 opt.
668 4044 756 4098 praes.
780 4034 847 4097 post
873 4035 943 4096 part.
965 4044 1020 4084 aot.
1044 4029 1061 4082 l.
1080 4034 1137 4098 52‚5
1156 4045 1208 4098 pro
1227 4033 1294 4099 ⁵²2²·
1316 4029 1380 4084 ibid.
1399 4029 1453 4084 del.

334 4119 407 4182 5232
426 4117 496 4182 (opt.
515 4114 564 4168 fut.
583 4119 650 4182 post
667 4121 735 4182 part.
754 4117 867 4184 praes.);
886 4113 921 4168 cf.
938 4131 965 4182 p.
979 4120 1018 4171 311.

437 4301 533 4348 neuqua
547 4301 745 4341 commentationis
759 4313 810 4350 pm
823 4302 848 4340 in
862 4301 1059 4342 dissertationlbus
1071 4300 1210 4340 Halensibus
1224 4300 1270 4340 vol.
1285 4299 1350 4339 XIII.

716 4369 775 4419 apud
784 4370 975 4418 niemeyerum
989 4369 1073 4410 edetur.
