3222 5092
1154 395 1287 478 Ι,οι

130 621 132 627 ,
165 560 303 626 στεὶλειε
333 563 405 624 τῶν
432 554 614 643 χρημάτων
644 554 723 622 ἔνια.
770 567 850 639 59,5
874 547 960 621 ἀλλὰ
990 557 1045 621 καὶ
1068 559 1133 620 νῦν
1156 553 1215 632 ἐτι,
1245 549 1288 619 ἀν

163 685 235 728 που
258 657 358 744 λύγος
381 661 526 746 γένηται,
555 655 649 742 παρὰ
669 655 810 723 πάντων
833 652 1053 742 ὁμολογεῖται,
1084 651 1130 735 ὡς
1150 652 1193 721 τά
1215 655 1286 735 βέλ-

163 782 260 830 τιστα
283 758 389 828 εἰποάν
412 755 513 826 άδικα
534 757 653 826 πάθοι.
699 765 832 827 blandem
855 767 1033 842 scripturam
1058 767 1123 825 libri
1146 765 1289 825 exhibent

167 873 269 949 52,29
293 855 530 950 (πεισθήσεσθε
561 851 655 946 ύμεῑς
684 850 730 939 ως
760 857 989 945 ἐπιορκήσειεν
1019 860 1038 925 ὁ
1064 850 1287 944 Ἀρχεβιάδης),

165 992 255 1051 quam
287 989 364 1032 unos
387 971 567 1031 Turiesnses
595 989 730 1031 servasse
753 969 855 1038 video;
889 968 999 1030 Reislre
1023 969 1076 1028 Bk.
1099 969 1143 1028 Bl.
1165 967 1223 1028 Dd.
1245 953 1288 1026 ἀν

166 1080 236 1154 post
258 1064 490 1152 ἐπιορκήσειεν
512 1075 720 1149 inseruerunt,
752 1074 805 1133 Vo.
828 1074 925 1132 locum
950 1076 1123 1149 corruptum
1146 1089 1210 1131 esse
1233 1069 1287 1130 sibi

165 1178 262 1238 videri
293 1178 437 1239 asterisco
468 1177 599 1253 ascripto
631 1175 784 1236 indicavit.
835 1178 947 1252 Aperte
981 1175 1111 1252 denique
1144 1179 1288 1250 corrupte

165 1285 246 1354 sunt,
267 1291 345 1357 quse
368 1283 491 1357 24,123
514 1279 651 1356 plerique
674 1279 740 1338 libri
764 1279 888 1338 habent:
918 1266 977 1336 ἐάν
999 1295 1049 1348 τις
1073 1321 1129 1336 ...
1152 1270 1185 1335 τὶ
1207 1273 1288 1352 ποιή

165 1365 214 1442 ὦν
237 1375 270 1440 οἱ
293 1373 393 1460 νόμοι
416 1366 697 1460 ἀπαγορεύουσιν,
721 1365 764 1439 ού
780 1371 887 1453 λύετε,
911 1374 966 1438 καὶ
981 1365 1078 1438 ταῦτ’
1094 1371 1219 1449 εἰδότες
1235 1363 1288 1437 ὅτι

166 1474 221 1546 διὰ
242 1479 364 1544 πενίαν
385 1470 556 1564 ποιήσειεν
579 1466 597 1542 ὁ
616 1473 752 1542 τούτων
766 1499 800 1541 τι
815 1479 941 1550 ποιοῦν;
965 1489 1033 1560 post
1048 1476 1169 1541 πενίαν
1185 1500 1288 1542 omnes

166 1593 287 1665 praeter
310 1587 363 1646 Vo.
380 1604 447 1646 eum
463 1585 518 1646 Blr.
541 1571 583 1643 άν
604 1585 789 1651 indiderunt;
812 1583 932 1658 rusi)
954 1571 1084 1662 ποιήσει
1108 1585 1259 1645 exhibent.

251 1691 414 1749 Praeterea
439 1689 467 1747 in
491 1687 591 1747 tabule
613 1688 701 1747 tertia
722 1689 741 1746 ii
758 1687 814 1747 1οοί
829 1688 1029 1764 praetermissi
1044 1691 1124 1763 sunl,
1146 1688 1195 1747 ubi
1211 1687 1289 1746 modi

167 1793 310 1853 orationis
339 1794 441 1852 rectae
471 1794 501 1850 et
530 1791 656 1866 optativi
686 1790 798 1867 obliqui
825 1791 917 1850 iuneti
943 1791 1100 1866 legantem
1131 1808 1208 1866 quos
1230 1791 1287 1850 iam

168 1897 304 1954 afferam:
328 1898 378 1968 λλ,
388 1897 429 1955 49
452 1882 577 1970 ἐτόλμα
602 1936 657 1952 ...
683 1886 801 1970 λέγειν,
824 1874 871 1964 άις
891 1937 897 1950 .
916 1937 946 1950 ..
968 1885 1048 1970 χρέα
1063 1909 1099 1951 τε
1115 1877 1288 1969 πάμπολλ’

167 1990 353 2056 ἐκτέτεικεν
375 1978 462 2070 ὑπὲρ
485 1987 566 2071 ἐμοῦ
589 1991 790 2074 Δημοφῶντι
818 1989 873 2052 καὶ
899 1987 1091 2074 Θηριππίδῃ
1118 2000 1189 2065 τοῖς
1213 2005 1288 2054 συν-

166 2088 376 2176 επιτρόποις,
400 2092 456 2155 καὶ
479 2081 526 2168 αἶς
547 2087 660 2156 πολλὰ
681 2094 753 2155 τῶν
775 2090 867 2174 ἐμαῖν
889 2088 1033 2172 λάβοιεν.
1072 2117 1115 2173 pr.
1129 2102 1207 2172 34,1
1225 2082 1289 2157 οῦκ

169 2189 294 2280 άδηλον
316 2186 360 2278 ἦν
383 2245 389 2258 .
409 2245 439 2258 ..
462 2189 583 2278 πρώην
607 2244 674 2271 ...,
702 2185 756 2258 ὅτι
778 2189 976 2281 συμβήσεται
997 2184 1132 2258 τοῦθά
1155 2197 1220 2258 νῦν
1241 2195 1288 2278 γί-

167 2319 290 2381 γνεται,
318 2301 406 2375 (scil.)
428 2287 482 2361 liu
505 2294 538 2360 οἱ
560 2294 638 2361 τότε
661 2297 873 2373 κωλυθέντες
897 2295 1005 2380 ἐροῑεν
1028 2297 1074 2374 εἰς
1096 2293 1214 2380 ἑτέραν
1237 2296 1289 2362 ἐκ·

167 2399 316 2484 κλησίαν.
341 2435 381 2445 -
404 2409 453 2476 47,
466 2409 506 2465 68
530 2394 737 2484 διηγησάμην
759 2390 876 2476 αύτοῖς
898 2392 1032 2463 ἅπαντα
1054 2395 1095 2462 τὰ
1117 2393 1289 2484 γενόμενα,

166 2497 229 2586 τήν
251 2524 288 2564 τε
311 2494 425 2581 άφιξιν
448 2496 511 2588 τήν
532 2496 680 2579 τούτων,
704 2501 757 2564 καὶ
782 2497 843 2588 τήν
860 2496 998 2566 εύνοιαν
1017 2503 1076 2588 τῆς
1091 2493 1289 2585 ἀνθρώπου,

167 2603 223 2667 καὶ
254 2591 300 2678 ὦς
332 2597 421 2685 εἶχον
452 2593 560 2686 αύτήν
589 2601 625 2667 ἐν
652 2605 693 2686 τή
715 2603 819 2689 οἰκίᾳ,
851 2604 907 2667 καὶ
930 2594 975 2680 ὡς
998 2600 1113 2669 διὰτὸ
1136 2605 1290 2688 κυμβίον,

167 2697 233 2770 ούκ
263 2696 406 2786 ἀφιεῖσα,
435 2703 674 2789 τελευτήσειεν.
719 2716 770 2790 48,
781 2717 823 2772 44
845 2699 1071 2792 κατεχρήσατο
1098 2704 1185 2790 πρὸς
1210 2704 1289 2784 τούς

167 2803 335 2887 δικαστάς,
365 2798 417 2872 ὅτι
447 2800 513 2892 ἐγω
541 2804 604 2894 τήν
631 2807 753 2887 οἰκίαν,
784 2798 826 2893 ήν
855 2806 977 2887 ἔλαβον
999 2806 1036 2873 ἐν
1058 2811 1099 2891 τή
1119 2809 1227 2892 μερίδι
1249 2813 1290 2892 τῇ

167 2909 325 2994 ἐμαυτοῦ,
346 2911 599 2994 μεμισθωμένος
621 2909 693 2996 είην
714 2902 793 2994 παρ’
809 2902 926 2988 αῦτοῦ,
948 2911 1005 2976 καὶ
1027 2907 1067 2976 τὸ
1087 2905 1247 2996 ἀργύριον
1271 2904 1290 2977 ὃ

168 3008 292 3091 ἐλαβον
314 3063 320 3076 .
340 3063 370 3077 ..
395 3006 448 3078 ὅτι
478 3010 698 3099 ἐδανεισάμην
727 3009 820 3098 παρὰ
848 3009 983 3078 τούτου.
1028 3023 1133 3092 50,3r
1164 3013 1201 3078 ἐν
1230 3014 1290 3098 μὲν

166 3117 208 3197 τή
240 3105 347 3202 ἀγορᾷ
381 3106 587 3199 ἀπεκρίνατό
621 3138 678 3198 μοι
712 3109 751 3180 τὸ
781 3113 952 3200 πρότερον
983 3107 1036 3181 ὅτι
1067 3109 1168 3182 ου’δέν
1195 3110 1290 3202 αύτῷ

166 3217 263 3300 μέλοι
286 3207 336 3280 ὧν
358 3217 495 3300 λέγοιμι,
529 3215 566 3282 ἐν
589 3217 624 3282 δέ
646 3219 687 3300 τή
711 3216 801 3306 οἰκίᾳ
825 3268 892 3296 ...,
916 3210 969 3283 ὅτι
990 3214 1094 3302 μόνος
1117 3210 1159 3283 οῦ
1184 3241 1290 3303 παρα·

167 3314 307 3403 λήψεται
329 3313 392 3406 τήν
415 3322 510 3384 ναῦν.
529 3356 570 3366 —-
594 3329 695 3397 34,17
719 3319 803 3403 ἐμοῦ
826 3318 1008 3408 διαρρήδην
1029 3317 1223 3405 γράψαντος
1246 3321 1290 3397 εἰς

168 3417 208 3484 τδ
231 3417 377 3507 ἐγκλημα
403 3473 460 3487 ...
485 3413 537 3486 ὅτι
565 3417 643 3486 ούτε
673 3418 715 3486 τά
734 3415 872 3508 χρήματ’
888 3421 1028 3488 ἔνθοιτο
1051 3423 1097 3498 είς
1120 3417 1181 3511 τήν
1203 3427 1291 3488 ναῦν

168 3513 241 3586 οὔτ’
256 3515 410 3588 ἀπέδωκε
432 3517 472 3587 τὸ
494 3525 641 3608 χρυσίον.
657 3559 698 3570 -
723 3530 819 3589 Dubia
842 3536 912 3590 sunt
936 3535 1058 3608 24,213
1083 3525 1214 3609 λέγεται

167 3622 275 3688 εἰπεῖν
303 3615 356 3689 ὅτι
387 3614 491 3703 αύτός
516 3615 643 3714 ήγεῑται
674 3617 838 3710 ἀργύριον
860 3626 920 3710 μὲν
943 3623 1086 3711 νόμισμα
1113 3622 1291 3692 εἶναιτῶν

168 3723 268 3789 ἰδίων
291 3725 579 3812 συναλλαγμάτων
596 3727 707 3797 εἵνεκα
729 3741 799 3804 τοῖς
823 3721 972 3805 ἰδιώταις
994 3717 1187 3814 εύρημένον,
1211 3725 1291 3806 τούς

168 3828 204 3891 δὲ
235 3824 359 3910 νόμους
389 3818 507 3916 ήγοῑτο
538 3823 680 3914 νόμισμα
708 3833 769 3914 τῆς
796 3827 928 3908 πόλεως
951 3826 1049 3896 εἶναιι
1082 3821 1200 3918 ήγοῑτο
1225 3839 1290 3897 libri

167 3935 236 4009 (Bk.
258 3937 314 3996 Tu.
336 3935 510 4014 Sjoeslr·en(l
539 3938 641 4016 p.ll)‚
674 3922 785 4021 ήγείτο
811 3941 843 4005 ὃς
878 3940 969 4001 Cobet
997 3943 1060 4000 We.
1088 3941 1133 4001 Bl.
1161 3941 1289 4001 secluse-

169 4043 246 4096 runt.
269 4069 311 4078 -
333 4041 414 4117 32‚8
438 4030 582 4118 ἐπραττε
613 4035 722 4119 λέγων
750 4025 796 4112 oie
824 4028 925 4110 αύτός
947 4059 983 4101 τε
1011 4036 1067 4099 καὶ
1089 4033 1132 4100 τὰ
1150 4027 1289 4120 χρήματ’

168 4131 303 4198 ἐκεῖθέν
326 4131 406 4213 ἐστι,
429 4135 485 4198 καὶ
509 4125 527 4198 ὁ
551 4131 740 4222 ναύκληρος
764 4136 813 4220 ε’ίη
836 4137 892 4200 καὶ
908 4135 940 4201 οἱ
957 4133 1183 4213 δεδανεικότες
1198 4142 1289 4202 Μασ-

167 4236 337 4299 σαλιῶται.
361 4271 401 4282 -
434 4244 554 4303 luceria
580 4247 650 4303 sunl
671 4249 721 4322 47,
734 4248 774 4305 49
787 4263 831 4321 sq.
853 4234 996 4326 ἐδεήθην
1021 4289 1075 4303 ...
1101 4238 1209 4323 λέγων
1231 4234 1291 4315 τάς

172 4326 343 4420 ἀληθείας,
373 4329 426 4401 ὅτι
449 4339 701 4423 πεπορισμένου
724 4342 789 4404 τοῦ
811 4331 973 4425 ἀργυρίου
997 4330 1014 4404 3
1038 4336 1175 4425 ἐμελλον
1198 4332 1292 4426 αύτῷ
