3222 5092
1232 379 1271 443 21

149 543 324 634 nsupomd
347 540 399 614 ὅτι
421 548 518 626 ἴσασι,
545 543 631 614 διότι
654 543 684 612 d'
696 539 771 614 ὀὐκ
793 537 915 628 iocum)
933 559 962 613 et
986 555 1086 613 multis
1109 554 1175 613 aliis
1200 554 1273 612 locis

151 657 358 734 cognoscituu
385 652 554 717 Particulae
578 663 676 717 autem
701 644 807 727 ὅπως
830 675 884 734 pro
901 639 947 718 ode
964 653 1158 732 usurpatae²]
1181 673 1272 714 unum

152 761 319 836 exemplum
344 762 480 820 invenias
503 762 640 831 23,117:
662 753 690 818 εἰ
713 754 854 836 δείξειαν
870 744 973 830 ὅπως,
996 745 1039 817 ἂν
1054 746 1181 817 ἀδικεῖν
1195 748 1274 831 βοί-

152 862 289 936 imbuat,
313 851 356 944 μὴ
379 852 594 944 dardanorum
618 862 671 922 sed
695 863 732 921 cf.
755 865 811 939 pi
836 866 923 923 and.
945 893 987 902 -

238 983 293 1040 His
325 979 472 1072 quaedam
503 981 540 1041 de
572 981 843 1040 necessitudinibus
874 981 953 1040 inter
980 981 1082 1058 piures
1109 943 1275 1040 structuras

151 1087 360 1162 grammaticas
381 1083 634 1144 intercedentibus
656 1083 816 1142 adnectere
839 1083 923 1152 libet3
946 1100 1075 1158 namque
1098 1099 1213 1157 vereor,
1237 1098 1274 1140 ne

152 1187 220 1264 quis
244 1207 279 1246 ea
302 1205 380 1264 quae
404 1186 502 1246 adhuc
526 1186 651 1262 exposui
674 1186 846 1262 diligentius
869 1187 1042 1244 examinans
1057 1176 1274 1260 aliquos'locos

152 1309 245 1367 supra
268 1289 374 1350 allatos
397 1289 565 1349 afferendos
588 1307 646 1348 non
671 1287 761 1348 fuisse
785 1291 914 1360 censeat,
947 1299 998 1346 aut
1028 1287 1101 1347 alios
1129 1285 1273 1364 quosdam

152 1393 278 1452 omissos
301 1391 459 1451 desideret.
504 1393 577 1450 Dico
601 1394 699 1450 autem
724 1408 774 1449 eos
799 1391 890 1465 locos,
919 1388 968 1448 uid
990 1390 1144 1448 enuntiata
1167 1407 1184 1446 a
1206 1406 1275 1465 par·

152 1495 244 1555 tioula
273 1475 320 1564 ὡς
348 1495 521 1570 incipientia
549 1500 579 1552 et
611 1511 665 1569 pro
697 1493 884 1569 explicativis
915 1496 944 1550 et
971 1510 1026 1566 pro
1049 1490 1274 1567 interrogativis

151 1597 257 1656 haberi
279 1606 417 1672 possunt3
448 1595 500 1656 sed
529 1597 597 1673 quis
629 1597 748 1672 estqui
771 1595 843 1672 quid
868 1611 1049 1670 unoquoque
1072 1594 1138 1652 loco
1162 1591 1275 1652 intelle·

152 1701 283 1776 gendum
316 1701 362 1767 sit,
392 1699 481 1758 certis
509 1717 545 1758 en
575 1698 691 1774 legibus
719 1697 889 1757 discernat?
920 1697 971 1774 qui
999 1697 1051 1755 tali
1073 1697 1103 1754 in
1128 1695 1275 1778 relibero

153 1821 207 1862 suo
232 1787 340 1861 iudicio
364 1819 396 1860 se
420 1804 483 1878 regi
507 1801 618 1878 neget?
641 1814 642 1818 ’
663 1802 773 1878 Magna
796 1800 933 1876 equidem
954 1799 1155 1870 recentiorum
1178 1807 1276 1876 gram·

153 1903 358 1974 maticorumit
382 1907 477 1964 virtus
501 1888 554 1980 est,
585 1904 664 1980 quod
688 1921 790 1963 omues
817 1903 936 1982 linguas
960 1921 1019 1962 una
1042 1902 1127 1978 quasi
1149 1883 1277 1977 corpora

153 2025 219 2068 esse
247 2007 364 2082 docent,
395 2025 521 2083 quorum
553 2007 686 2066 membra
716 2005 861 2065 artissime
891 2007 969 2063 inter
1000 2021 1032 2063 se
1062 2003 1225 2062 cohaerent
1247 2007 1277 2061 et

153 2111 211 2168 alia
235 2128 270 2168 ex
294 2109 360 2168 aliis
384 2109 533 2186 prodeunt
555 2110 585 2168 in
610 2109 728 2186 aliaque
751 2107 1022 2184 transgrediuntur,
1050 2107 1091 2164 ita
1105 2110 1145 2166 ut
1165 2095 1277 2180 ubique

153 2213 266 2288 muitae
291 2213 457 2272 locutiones
480 2213 548 2288 sint,
571 2215 703 2290 quae'ut
727 2211 817 2270 certis
841 2210 989 2286 capitibus
1012 2205 1215 2286 grammaticis
1232 2207 1277 2266 iu·

153 2319 293 2376 serantur
325 2314 389 2374 fieri
422 2333 480 2374 non
512 2316 615 2391 possit.
659 2316 704 2374 Ex
735 2313 844 2390 quibus
874 2318 995 2390 praeter
1018 2330 1081 2372 eam
1096 2300 1196 2388 ¹quam
1219 2311 1276 2370 iam

152 2419 282 2478 tractavi
312 2417 525 2494 particularum
557 2399 658 2487 odc=
676 2417 746 2475 dass
776 2420 806 2476 et
835 2398 880 2486 ὦς
897 2415 1028 2476 =wie?
1062 2421 1126 2474 eam
1157 2431 1278 2490 quoque

153 2519 376 2597 ambiguitatem
400 2537 606 2586 commemoro,
640 2537 718 2596 quae
746 2520 776 2578 in
799 2519 946 2595 particula
969 2501 1022 2576 ὅτι
1046 2517 1086 2576 ibi
1108 2517 1194 2589 inest,
1227 2513 1277 2574 ubi

153 2625 291 2683 dubitare
315 2625 396 2695 iicet,
420 2629 524 2682 utrum'
543 2625 698 2682 enuntiata
721 2623 758 2682 ab
783 2640 819 2682 ea
841 2621 1014 2698 incipientia
1034 2618 1278 2696 explicativis'au

155 2741 360 2750 ——--—-—·

240 2823 260 2892 ¹)
278 2822 425 2877 Muraena
448 2825 480 2876 29
492 2821 560 2876 Bou.
579 2820 770 2889 Meisterhans,
788 2819 833 2875 Gr.
846 2820 872 2874 d.
882 2825 930 2874 att.
940 2819 1043 2874 Inschr.
1058 2835 1084 2887 p.
1095 2823 1153 2886 211,
1163 2806 1279 2874 28duicu

153 2925 203 2977 pro
222 2899 267 2963 ὅτι
286 2925 321 2962 ex
339 2907 380 2963 Ol.
393 2912 439 2962 120
458 2907 516 2962 tere
533 2908 561 2960 in
579 2907 665 2960 titulis
683 2905 800 2961 inveniri
818 2905 909 2960 docet.
970 2907 992 2974 ²)
1010 2903 1141 2958 Kuehner
1152 2907 1210 2968 550,
1224 2907 1245 2970 l,
1258 2905 1279 2956 1.

153 2997 175 3062 Β)
194 2993 236 3050 Os.
249 2994 366 3049 Schmitt
383 2993 400 3047 l.
411 2994 428 3048 l.
440 3011 466 3061 p.
478 2998 518 3046 31.
532 2997 572 3046 78.
601 2993 719 3060 Curtius,
737 2991 956 3058 Erlbuterungeu
969 2991 1069 3060 (Prag⁸
1085 2989 1161 3056 1875)
1179 3004 1206 3056 p.
1217 2993 1278 3042 195:

156 3081 278 3150 „Frageu
296 3080 345 3134 wir
363 3079 431 3133 nach
449 3079 513 3134 dem
531 3079 676 3147 Ursprung
697 3077 746 3132 der
763 3077 1006 3146 KouJ'uuktiouen,
1035 3091 1068 3130 so
1092 3075 1200 3144 ergisbt
1222 3072 1280 3127 sich

153 3165 254 3234 hiiutig‚
281 3166 346 3220 dass
360 3165 427 3236 jone
446 3163 609 3232 spezifische
627 3164 793 3230 Bedeutung
811 3163 860 3217 der
877 3161 1108 3231 Konjunktioneu
1127 3161 1189 3215 eine
1207 3159 1279 3213 Tiu-

154 3251 262 3320 schung
279 3252 323 3306 ist.
358 3250 491 3305 Dieselbe
509 3249 632 3304 Partikel
651 3241 704 3312 ὡς,
732 3248 817 3304 deren
836 3247 1093 3314 Gruudbedeutung
1117 3246 1181 3300 wie
1205 3244 1281 3299 nicht

154 3335 321 3391 nweiselhaft
344 3337 404 3390 sein
427 3335 516 3402 kann,
544 3335 600 3390 und
619 3335 668 3388 das
687 3335 779 3388 davon
797 3349 847 3387 nur
864 3331 1063 3387 uuweseutlich
1081 3331 1280 3385 verschiedeue

154 3413 241 3487 ὅπως,
266 3423 408 3491 begeguet
426 3437 478 3475 uns
495 3421 551 3475 fast
568 3421 595 3473 in
615 3420 687 3475 allen
706 3420 865 3488 Gattungen
883 3436 939 3473 von
958 3419 1072 3487 Sittneu,
1096 3417 1155 3472 rein
1173 3417 1279 3485 relativ,

155 3508 298 3576 temporat,
316 3507 381 3562 final
399 3507 455 3561 und
468 3508 495 3560 in
508 3507 741 3574 Aussageabtnen.
767 3496 812 3559 du
830 3505 896 3562 dass
914 3505 970 3559 und
988 3495 1033 3558 ὅτι
1051 3503 1114 3558 weil
1131 3503 1194 3556 sind
1212 3503 1280 3568 eins,

154 3593 252 3648 mithin
275 3593 313 3647 ist
336 3593 365 3646 in
388 3593 437 3646 der
455 3592 575 3659 Sprache
598 3591 688 3646 selbst
709 3592 752 3646 eiu
772 3590 954 3647 Uutersohied
972 3589 1109 3644 nwischen
1127 3589 1190 3642 dem
1209 3587 1279 3642 Aus-

156 3683 283 3748 sagesatz
302 3679 359 3732 und
377 3678 441 3732 dem
458 3678 622 3732 Kausaisatz
639 3677 716 3730 nicht
734 3677 901 3732 vorhanden.
920 3706 953 3714 —
977 3675 1093 3729 Hieraus
1110 3673 1190 3742 folgt,
1214 3674 1279 3728 dass

155 3765 206 3819 alle
225 3779 326 3818 unsere
338 3763 535 3830 Einteilungen
553 3763 603 3817 der
616 3762 696 3817 Sittze
714 3763 751 3815 im
764 3763 876 3820 Grundo
894 3761 971 3816 mehr
988 3760 1126 3830 logischer
1138 3759 1179 3814 als
1191 3774 1280 3828 gram·

155 3849 302 3904 matischer
320 3848 373 3902 Art
389 3849 465 3918 sind,
485 3848 549 3902 dass
568 3849 616 3902 wir
634 3848 678 3902 bei
696 3847 804 3902 soloher
821 3847 980 3915 Einteiluug
997 3847 1025 3900 in
1043 3845 1087 3900 die
1106 3844 1186 3900 Siitze
1205 3844 1281 3898 mehr

155 3935 334 4004 hiueinlegen
352 3935 420 3989 oder
438 3935 663 4000 hineiudeuken,
688 3933 728 3988 als
747 3934 792 3989 die
811 3933 930 4001 Sprache
949 3932 1085 4001 angiebt.“
1106 3961 1141 3969 —-
1164 3931 1197 3984 H.
1211 3929 1279 3984 Paul

156 4021 309 4089 Principien
328 4021 377 4074 der
389 4019 650 4088 Sprachgesohichte
664 4020 773 4088 (ΗιιΙΙθῃ
788 4021 864 4087 1886)
882 4036 909 4086 p.
921 4023 967 4072 28:
987 4018 1107 4086 „Unsere
1125 4016 1279 4071 herkbmm·

156 4108 245 4162 lichen
263 4123 303 4175 gr.
323 4106 486 4174 kategorieu
504 4107 566 4160 sind
585 4107 628 4160 oin
647 4105 711 4160 sehr
729 4105 948 4175 ungendgendes
967 4102 1063 4172 mittet,
1088 4102 1132 4156 die
1150 4101 1279 4170 gruppio-

156 4193 326 4268 rungsweise
351 4192 400 4246 der
424 4191 661 4258 sprachelemente
684 4207 718 4244 nu
736 4189 1002 4244 veranschaulichen.
1039 4187 1128 4242 Unser
1146 4202 1280 4255 gramma-

156 4279 258 4334 tiachos
277 4283 384 4348 system
402 4277 439 4330 ist
457 4279 537 4345 lange
556 4277 630 4329 nicht
645 4276 700 4331 fein
713 4292 806 4344 genug
818 4275 979 4344 gegliedert,
998 4290 1043 4327 um
1056 4273 1106 4328 der
1117 4273 1280 4344 gliederuug

158 4365 205 4418 der
223 4363 473 4435 psychologiscben
486 4378 611 4432 gruppeu
624 4361 760 4432 adaequat
772 4362 831 4416 sein
844 4377 878 4414 uu
890 4359 1028 4414 konnen.“
1054 4359 1093 4414 cf.
1107 4359 1172 4413 ibid.
1185 4375 1211 4426 p.
1222 4363 1279 4411 299.
