3222 5092
312 368 353 426 26

313 535 390 594 hano
421 535 599 596 locutionem
629 534 792 611 proiectam
825 553 890 596 esse
913 539 999 614 puto;
1030 536 1203 613 quidecim
1227 537 1435 602 faciliustieri

311 635 418 714 potuit,
441 655 529 713 qnam
554 643 587 696 nt
607 635 641 713 ia,
669 639 718 713 qui
741 656 795 712 per
817 637 885 698 illas
908 639 931 696 si
957 656 1015 698 non
1039 655 1143 698 omnes
1166 643 1197 698 at
1220 643 1302 700 ocrte
1326 642 1436 700 multas

312 738 474 798 orationem
506 741 618 800 rectam
649 740 824 816 intellegere
856 746 1064 814 consueverat,
1094 741 1131 800 ab
1161 741 1198 802 iis
1229 741 1267 802 ad
1296 743 1377 802 hunc
1400 743 1437 804 de

313 858 371 917 qno
395 841 510 918 agimus
534 859 619 901 usum
644 841 762 903 dicendi
788 841 1044 918 progrederetur?
1067 845 1244 918 praesertim
1268 863 1335 904 cum
1358 864 1436 906 sum·

312 962 388 1002 mam
412 943 632 1003 illam'dioendi
657 945 846 1004 vivacitatem
878 949 970 1021 atque
993 945 1211 1022 simplicitatem
1236 964 1272 1006 eo
1294 964 1437 1024 asseque-

312 1050 405 1122 retur,
438 1065 526 1122 quam
562 1051 674 1123 quanto
708 1047 806 1106 studio
840 1045 946 1106 Graeci
980 1047 1197 1123 appetivissent
1231 1049 1341 1124 optime
1374 1050 1438 1110 loh.

314 1147 467 1220 Classen¹l
491 1149 638 1226 exposuit.
682 1149 778 1222 Quam
802 1150 1078 1225 interpretationem
1106 1151 1158 1226 qui
1180 1151 1317 1227 accipiet,
1346 1153 1438 1229 parti·

314 1251 388 1311 culis
411 1235 464 1309 ὅτι
487 1258 516 1311 et
538 1233 585 1321 ὥς
607 1251 694 1311 etiam
711 1251 761 1311 hic
776 1251 954 1328 primitivam
971 1269 1074 1312 earum
1091 1252 1240 1312 notionem
1257 1271 1354 1330 neque
1370 1273 1437 1314 cum

312 1351 500 1430 Kruegero²l
523 1353 648 1430 aliisque
672 1354 730 1412 vim
753 1353 801 1412 vel
826 1354 926 1430 potius
941 1353 1115 1414 inanitatem
1132 1371 1233 1414 earum
1250 1355 1437 1431 virgularum

313 1456 465 1534 attribuet,
488 1456 597 1533 quibus
619 1472 674 1514 noa
697 1457 862 1516 orationem
887 1459 996 1514 rectam
1022 1457 1052 1514 in
1076 1455 1157 1516 libris
1172 1458 1305 1517 solemus
1320 1476 1437 1531 ornare,

313 1576 373 1636 quo
397 1557 513 1618 facilins
536 1559 671 1634 legentes
692 1577 710 1617 a
732 1559 848 1635 reliqua
863 1559 1035 1618 narratione
1051 1576 1115 1618 eam
1132 1563 1283 1636 separent
1317 1560 1435 1620 Etenim

313 1661 381 1738 quis
398 1667 451 1738 eet,
475 1662 527 1738 qui
543 1661 678 1720 voculam
696 1661 992 1738 quantulamcunque
1009 1678 1108 1721 coram
1125 1661 1311 1722 auditoribus
1326 1662 1436 1722 dictam

313 1761 400 1824 sicuti
432 1767 532 1824 notam
561 1763 721 1840 legentium
749 1764 847 1841 gratia
869 1762 1008 1840 scriptam
1033 1764 1111 1824 omni
1134 1763 1198 1823 fere
1221 1781 1310 1824 secan
1334 1782 1438 1824 carere

314 1867 368 1926 sibi
391 1864 591 1942 persuadeat?

399 1985 436 2044 ll.
457 1983 644 2046 Orationis
667 1983 777 2044 deinde
800 1983 971 2060 obliquae
992 1988 1054 2044 tres
1069 1983 1180 2044 formas
1196 2003 1286 2063 supra
1302 1985 1438 2046 distinxi·

314 2105 393 2164 mus;
413 2088 465 2149 sed
488 2094 646 2164 antequam
663 2087 847 2163 singularum
863 2087 1001 2164 exempla
1015 2087 1185 2163 afferamus,
1207 2088 1337 2149 breviter
1353 2088 1439 2148 uobis

314 2189 524 2267 disputandum
546 2194 599 2261 est,
622 2207 767 2266 quaenam
785 2193 920 2264 tempora
935 2188 1122 2266 principalia,
1144 2207 1289 2265 quaenam
1305 2195 1438 2267 praeter·

314 2295 356 2354 ita
378 2291 515 2352 ducenda
537 2289 631 2364 sint³l

401 2413 580 2488 Tempora
602 2411 692 2487 igitur
715 2411 917 2486 praeterita
939 2426 961 2469 s.
978 2409 1166 2488 historica,
1186 2414 1220 2470 ut
1241 2430 1302 2488 quo
1318 2410 1436 2471 laoilius

318 2516 486 2577 dissertatio
510 2513 654 2591 procedat
676 2513 713 2572 ab
737 2514 772 2572 iis
794 2511 910 2572 initium
934 2511 1085 2590 iaciamus,
1107 2513 1182 2572 hacc
1205 2517 1286 2573 sunt:

403 2637 432 2705 1)
455 2635 609 2694 indicativi
631 2632 722 2711 impl,
745 2631 885 2710 plusqpf,
908 2629 1007 2710 κού),
1029 2651 1125 2709 praes.
1140 2633 1206 2692 hist

404 2752 435 2827 2)
459 2754 612 2814 indicativi
642 2759 671 2813 ct
697 2750 834 2812 infinitivi
861 2751 891 2810 in
915 2751 950 2810 iis
975 2751 1107 2828 periodis
1131 2751 1333 2830 hypotheticis
1355 2770 1443 2812 usur·

317 2859 388 2936 pati,
411 2858 519 2933 quibus
543 2855 656 2933 siquid
680 2855 784 2914 luisset
805 2853 887 2913 aliud
911 2853 1061 2930 quoddam
1086 2854 1218 2914 futurum
1241 2854 1333 2914 fnisse
1355 2872 1443 2930 prae·

318 2960 448 3038 dicatur;
483 2961 512 3019 in
545 2959 652 3036 quibus
681 2958 818 3036 plurimis
848 2957 976 3016 aoristus
1003 2955 1050 3030 (ut
1072 2953 1218 3035 21,103),
1248 2975 1308 3017 non
1339 2957 1442 3015 multis

317 3061 522 3139 imperfectum
546 3061 614 3139 (pro
638 3079 707 3138 quo,
729 3060 754 3119 si
778 3060 999 3119 constructione
1022 3059 1163 3135 poscitur,
1187 3058 1238 3118 inf.
1256 3076 1350 3136 praee.
1373 3058 1443 3117 sub-

318 3164 462 3235 stituitur)
485 3163 652 3238 adhibetur,
676 3167 709 3222 nt
733 3167 780 3233 16,
796 3166 843 3222 12.
870 3164 921 3238 48,
933 3165 973 3222 46
997 3162 1034 3220 al.

405 3399 426 3465 ¹)
445 3396 680 3466 Beobaohtungen
698 3395 766 3450 liber
784 3394 839 3449 den
856 3393 1047 3448 homerischcn
1066 3391 1316 3462 Sprachgebrauch‚
1338 3390 1443 3446 Frank·

318 3485 374 3538 furt
391 3483 540 3537 a.M.1eor
559 3483 599 3552 (in
618 3481 792 3551 appendice).
871 3481 894 3545 ²)
913 3483 1023 3547 65,1,2.
1099 3479 1121 3546 ³)
1140 3477 1180 3533 df.
1199 3481 1309 3546 praeter
1326 3477 1444 3532 maiores

318 3574 393 3624 artes
411 3568 614 3637 grammaticas:
638 3569 671 3622 R.
684 3565 852 3631 Kohlmann,
870 3565 912 3620 De
931 3565 1008 3620 verbi
1026 3564 1122 3620 Graeci
1140 3563 1311 3631 temporibus
1323 3585 1357 3608 =
1368 3561 1445 3616 Diss.

319 3655 455 3710 Halenses
473 3653 494 3722 l,
514 3658 594 3718 18733
621 3653 647 3708 S.
660 3652 682 3707 Ι.
696 3651 826 3711 Cavallim
845 3651 887 3705 De
905 3649 1109 3719 Xenophonteo
1128 3654 1284 3717 temporum
1302 3653 1331 3702 et
1347 3648 1444 3703 modo·

319 3756 377 3796 rum
396 3756 448 3794 usu
459 3762 494 3786 =
505 3739 577 3794 Acta
589 3739 668 3794 Univ.
682 3737 768 3791 Lund.
782 3740 907 3803 leudem
927 3737 958 3790 N.
972 3735 1142 3805 Sjoestrand,
1159 3734 1202 3790 De
1220 3739 1359 3788 oratorum
1371 3732 1445 3786 Atti-

319 3842 412 3881 corum
430 3827 459 3879 in
477 3841 515 3880 or.
529 3824 583 3878 obl.
601 3829 757 3891 temporum
770 3827 799 3876 et
816 3821 960 3876 modorum
972 3837 1033 3887 usu,
1051 3821 1116 3875 ibid.
1130 3819 1249 3884 1889l90.
1319 3818 1341 3888 ⁴)
1358 3817 1444 3872 Dubi-

319 3918 378 3968 tare
400 3911 474 3980 licet,
499 3925 534 3964 an
559 3909 677 3964 coriatus
701 3909 844 3977 gnomicus
869 3906 1040 3975 temporibus
1063 3904 1259 3974 principalibus
1282 3904 1375 3972 potius
1397 3903 1445 3957 ad-

319 3996 504 4054 numerandus
528 3995 572 4063 sit,
595 3994 722 4064 quoniam
745 3994 847 4062 ubique
871 3992 970 4046 eodem
995 3991 1079 4046 modo
1102 3996 1185 4059 atque
1203 3989 1271 4044 haec
1288 3993 1444 4056 usurpatur.

321 4083 404 4139 Ocius
422 4081 517 4136 aoristi
535 4095 617 4136 unum
636 4078 772 4133 eiusmodi
783 4077 949 4145 exemplum,
966 4092 1050 4146 aquo
1063 4075 1235 4132 enuntiatum
1248 4073 1445 4142 explicativuru

320 4170 450 4240 pendent,
470 4166 692 4234 35‚1invenitur.
720 4165 759 4220 (ti.
774 4164 920 4232 E.llloller,
938 4163 1071 4232 Philolog.
1082 4161 1157 4230 VIII,
1177 4165 1242 4216 1853
1260 4163 1445 4229 p.113-129;

322 4255 455 4323 Francia,
472 4253 563 4308 Ueber
581 4252 607 4306 d.
620 4267 712 4320 gnom.
725 4251 790 4306 Aor.
804 4251 830 4309 d.
844 4249 889 4310 Gr,
901 4273 935 4298 =
945 4250 1005 4308 Ber.
1018 4250 1044 4303 d.
1058 4247 1145 4306 stiohs.
1159 4248 1191 4304 G.
1205 4247 1231 4300 d.
1240 4246 1283 4304 W.
1301 4245 1446 4304 Phil-hist.

323 4340 425 4410 Klvl,
446 4343 517 4408 reor,
535 4341 679 4410 pec-eo.
