3222 5092
577 1241 699 1352 Pare
735 1239 887 1378 prior.

433 1419 707 1522 Quaestiones
735 1418 1040 1528 grammatieae.

647 1640 826 1718 Caputl

174 1754 228 1819 lio
250 1753 562 1820 enuntiationibus
586 1753 814 1837 explieativis
837 1771 858 1818 a
879 1753 1069 1837 particulis
1092 1741 1157 1818 ὅτι
1180 1749 1296 1838 (διότι)

536 1856 574 1923 et
596 1856 648 1932 aig
669 1855 939 1939 incipientibus·

227 2049 245 2120 i
270 2055 295 2110 1.
338 2051 592 2107 Enumerantur
615 2064 656 2106 ea
678 2050 792 2116 verba,
816 2051 860 2105 ad
883 2063 973 2116 quae
996 2049 1250 2106 enuntiationes

175 2151 402 2220 explieativae
424 2167 487 2220 per
508 2152 697 2220 particulas
721 2137 773 2209 ὅτι
797 2141 907 2224 (διότι)
930 2155 966 2208 et
987 2145 1033 2220 οὖς
1054 2153 1184 2208 relatae
1208 2156 1297 2208 sunt.

261 2306 411 2365 Nascetur
434 2307 525 2382 igitur
556 2305 709 2365 exordium
733 2324 770 2364 ex
798 2305 913 2365 iliorum
937 2306 1096 2365 verborum
1120 2305 1232 2381 indiae,
1262 2325 1298 2365 ex

177 2407 288 2484 quibus
310 2409 340 2467 in
364 2408 496 2484 Corpore
520 2408 751 2468 Demosthenioo
775 2409 995 2468 enuntiationes
1011 2409 1211 2484 explieativae
1227 2427 1300 2485 peu·

175 2511 255 2570 dent.
300 2510 409 2586 Quem,
443 2513 497 2572 otei
530 2530 589 2571 nou
621 2511 719 2586 magui
752 2512 890 2570 momenti
924 2529 989 2571 esse
1017 2509 1168 2583 videatur,
1198 2515 1298 2572 tamen

175 2613 293 2672 duabus
323 2612 359 2672 de
389 2615 486 2673 oausis
516 2612 754 2690 componendum
786 2631 852 2672 esse
883 2614 1064 2674 existimavi:
1101 2616 1198 2674 altera
1229 2616 1300 2691 quia

175 2735 324 2793 quaenam
348 2716 475 2793 singuiis
499 2715 682 2792 temporibus
705 2717 815 2775 usitata
830 2715 941 2777 fuerint
956 2716 1103 2776 voeabula
1118 2716 1299 2793 investigare

176 2837 288 2896 operae
312 2819 438 2894 pretium
463 2836 528 2878 esse
551 2818 684 2895 videtur,
716 2818 811 2878 altera
834 2823 866 2877 ut
889 2819 937 2878 vel
959 2817 1029 2878 inde
1055 2823 1233 2896 argumenta
1256 2838 1300 2895 ea,

177 2919 287 2998 quibus
310 2921 446 2998 singulas
470 2919 622 2981 orationes
645 2927 698 2980 aut
720 2922 867 2999 genuinas
889 2927 941 2982 aut
963 2922 1081 2999 spurias
1104 2940 1169 2982 esse
1194 2923 1299 2998 proba·

175 3031 236 3100 tur,
258 3042 372 3100 augere
396 3042 529 3084 oonaren

263 3145 295 3202 ln
328 3143 539 3203 enumerandis
565 3146 662 3202 autem
694 3143 794 3203 verbis
820 3144 861 3202 ita
888 3142 1028 3203 faeillime
1051 3144 1240 3220 progrediar,
1268 3149 1301 3203 ut

175 3247 302 3323 primum
332 3246 426 3305 verba
452 3246 620 3323 personalia
657 3263 735 3322 quae
762 3253 910 3306 vocantur
942 3247 971 3305 iu
1003 3247 1095 3306 verba
1124 3246 1241 3305 dioeudi
1271 3250 1301 3306 et

176 3347 363 3424 declarandi,
393 3347 545 3425 cogitandi
581 3352 610 3407 et
644 3348 806 3424 sentiendi,
839 3348 1001 3408 aoeusandi
1035 3353 1065 3408 et
1098 3348 1300 3408 calumniandi

177 3450 346 3525 distributa,
370 3451 478 3510 deinde
500 3450 710 3527 impersonalia
733 3469 811 3528 quae
833 3452 1023 3528 appellantur
1045 3456 1177 3512 tractem.

562 3631 596 3717 i)
618 3632 714 3698 verba
737 3634 917 3716 personalia.

413 3755 442 3830 a)
466 3759 579 3818 Verba
606 3758 753 3818 dieendi
781 3765 817 3820 et
844 3759 1065 3820 declarandi.

262 3877 439 3970 ἀγγέλλω
462 3876 513 3964 ὠς
538 3894 705 3970 1e,1ea.¹)
1079 3967 1081 3972 ,

170 3994 171 3998 ‘
330 3979 562 4074 ἀπαγγέλλων)
584 3982 635 4055 ὅτι
659 4000 1092 4074 u‚ar.1e,ea.1a,eo.1ae.
1126 3981 1171 4067 ὡς
1189 4001 1237 4070 19,
1251 4001 1300 4058 aa.

384 4103 453 4160 127.
465 4101 535 4160 305.
549 4101 618 4159 aaa.
642 4101 753 4176 aare.
782 4087 826 4180 μὴ
849 4082 895 4170 ὡς
917 4131 958 4141 -
983 4084 1055 4158 ἀλλ’
1070 4084 1123 4159 ὅτι
1140 4105 1186 4171 14,
1200 4103 1239 4161 ee
1256 4117 1300 4177 sq.

263 4281 285 4346 ι)
304 4279 416 4333 Charito
434 4295 461 4347 p.
473 4285 531 4345 ill,
543 4283 575 4334 39
593 4278 749 4348 (Hirsohig)
768 4279 981 4334 Demosthenem
999 4280 1111 4333 imitans
1134 4280 1182 4348 (oi.
1201 4280 1300 4348 Cobet,

175 4365 246 4418 Nou.
266 4367 342 4419 beot.
361 4369 460 4433 p.3'12)
478 4382 523 4418 οτι
542 4381 594 4433 pro
613 4381 652 4427 ας
670 4365 791 4434 seripsit.
860 4368 883 4434 a)
902 4359 1076 4434 ἀπαγγέλλω
1095 4366 1246 4434 praecipue
1265 4365 1300 4420 do
