3222 5092
1241 391 1278 448 11

312 542 476 637 ἀπολογίᾳ
491 551 707 633 καταχρώμπι
721 535 767 624 ὥς
782 559 833 626 49,
844 559 893 616 63.
916 549 1103 632 ἀπολογίαν
1117 550 1280 631 ποιοῦμαι

363 646 417 717 ὅτι
440 662 489 733 49,
503 662 551 718 59.

245 757 399 836 (tetam)
419 754 620 838 πορριειπο
636 744 688 818 ὅτι
704 763 732 836 3,
744 764 792 820 34.
819 762 949 836 13133.
972 763 1021 826 22,
1034 763 1073 819 52
1090 781 1131 806 =
1148 763 1197 834 24,
1212 763 1280 820 333.

159 867 274 938 57,18.
333 859 337 866 ’

244 951 523 1044 (μαρτύρομαι)
540 955 804 1042 διαμαρτύρομαι
819 949 870 1022 ὅτι
889 967 990 1030 19,45.
1007 967 1114 1040 48,46.
1128 955 1281 1042 [ef.42,5].

312 1057 577 1146 ἐπιμαρτύρομαι
600 1052 652 1126 ὅτι
676 1070 726 1144 34,
739 1071 787 1128 28.

243 1167 426 1248 μοροοροο
449 1156 501 1229 ὅτι
526 1174 615 1248 333.
639 1174 687 1241 33,
702 1174 770 1231 433.
793 1172 904 1245 24,16.
927 1172 1034 1240 3313.
1047 1173 1096 1230 33.
1109 1172 1158 1230 3ο.
1175 1171 1280 1244 3333.

160 1279 209 1351 33,
224 1279 270 1334 14.
293 1277 405 1344 4319.
428 1277 477 1344 43
492 1278 539 1334 ιι.
552 1277 601 1334 33
624 1275 712 1346 434.
737 1275 786 1350 33,
801 1275 848 1332 13.
871 1275 980 1346 3333.
1006 1264 1053 1342 οίς
1071 1274 1173 1348 4343.
1196 1275 1282 1347 333.

159 1377 1282 1452 33333333333333333

159 1483 208 1550 43
222 1483 250 1540 3.
264 1483 312 1538 43.
325 1482 373 1538 33.
386 1481 434 1538 33.
448 1481 487 1538 33
501 1485 553 1537 ιο.
565 1481 616 1554 43,
628 1480 676 1538 34.
690 1481 741 1538 33
752 1480 802 1538 33.
813 1481 862 1538 43.
879 1479 1040 1551 331333.
1056 1480 1161 1551 3333.
1177 1479 1226 1551 33,
1235 1479 1282 1536 10.

157 1563 1281 1662 ἢὼς-ἢδη-ἢὸτι-ἢώς-ἢὸτι-ἢὼς43,40.

157 1701 189 1760 μ.
211 1677 268 1741 καὶ
291 1675 497 1759 ἐπιδείκνυμι
520 1667 573 1740 ὅτι
595 1685 707 1755 40,19.

312 1773 439 1861 μάροος
454 1777 609 1861 γίγνομαι
625 1766 672 1854 ὡς
687 1787 736 1860 33
751 1781 828 1855 441)
858 1800 889 1859 μ.
907 1775 971 1860 ειμι
987 1777 1037 1854 ος
1053 1786 1160 1854 3313.
1175 1786 1282 1860 4313.

362 1877 528 1964 μάρτυρές
544 1879 642 1944 εἰσιν.
655 1931 678 1944 ..
695 1881 752 1944 καὶ
767 1881 935 1965 περιφανῆ
951 1871 1109 1966 τεκμήρια
1122 1869 1167 1955 ὡς
1179 1889 1283 1962 49,65.

313 1979 507 2067 μάρτυραίς)
531 1982 716 2066 παρέχομαι
740 1975 794 2047 ὅτι
819 1992 867 2062 19,
885 1992 956 2050 205.
1009 1980 1055 2057 ὠς
1078 1992 1127 2064 28,
1140 1992 1167 2048 2.
1191 1993 1240 2063 30,
1253 1991 1282 2048 9.

364 2094 474 2152 3333.
498 2094 547 2163 33,
561 2095 609 2152 22.
631 2095 722 2165 433.
744 2095 794 2165 45,
807 2096 835 2151 3.
857 2094 907 2162 43
920 2095 947 2150 3.
971 2093 1080 2165 3343.
1104 2093 1193 2165 333.
1237 2083 1282 2160 at,

432 2178 541 2252 ἔπειθ’
564 2179 618 2252 ὅτι
641 2238 663 2261 .,
691 2177 757 2251 εἶθ’
780 2177 832 2250 ὅτι
856 2195 967 2263 57,19.

312 2285 483 2373 μάρτυρας
504 2291 665 2372 ποιοῦμαι
688 2275 734 2365 οίς
757 2298 930 2365 47,16.17.

312 2389 500 2474 μαρτυρίαν
521 2389 640 2472 δίδωμι
656 2381 709 2454 ὅτι
727 2397 775 2465 59,
788 2400 837 2456 63.
866 2412 899 2472 μ.
915 2381 1121 2472 ἐμβάλλομαι
1137 2379 1182 2465 ὡς
1197 2397 1283 2469 28,1.

318 2556 321 2564 ,
362 2501 413 2575 40,
426 2501 475 2559 58.
490 2502 540 2574 47,
555 2500 601 2558 16.
629 2515 662 2574 μ.
679 2492 873 2556 καταλείπω
888 2482 941 2556 ὅτι
957 2501 1004 2570 20,
1018 2495 1098 2566 968)
1128 2513 1159 2574 μ.
1184 2489 1283 2574 παρί-

363 2617 462 2677 γομοι
485 2587 539 2658 ὅτι
561 2603 611 2675 43,
624 2603 672 2662 33.
717 2584 763 2670 ὡς
787 2603 836 2674 33,
851 2605 876 2660 1.
904 2603 1014 2672 4334.
1036 2597 1148 2675 4343.
1170 2602 1220 2673 43,
1234 2602 1283 2658 41.

364 2707 413 2778 50,
427 2707 475 2763 57.
493 2706 542 2772 59,
551 2706 600 2763 55.
612 2705 662 2763 88.
692 2719 723 2778 μ.
740 2699 902 2778 ποιοῦμαι
918 2696 975 2759 καί
990 2690 1281 2780 παρακαταθήκην

363 2799 556 2862 καταλείπω
572 2789 624 2861 ὅτι
641 2807 690 2879 59,
703 2809 751 2864 76.
782 2787 1030 2880 ἀναγνώσομαι,
1047 2834 1085 2844 -
1103 2820 1184 2873 εται,
1201 2789 1280 2859 σίνα-

364 2901 536 2984 γὶγναισκε,
552 2893 729 2981 ἀνάγνωθι
745 2895 804 2974 τὰς
819 2899 1001 2982 μαρτυρίας
1014 2889 1066 2963 ὅτι
1075 2909 1124 2980 43,
1133 2908 1181 2966 35.
1199 2907 1282 2974 48,3.

365 3013 413 3070 34,
451 3003 497 3076 αίς
520 3011 569 3082 38,
582 3011 610 3068 3.
633 3010 682 3076 39,
696 3010 745 3068 36.
768 3011 818 3082 42,
830 3010 879 3068 23.
911 3000 991 3079 λαβὲ
1013 2997 1076 3082 τὴν
1099 2997 1182 3078 (τὰς)
1204 3021 1284 3082 μαρ-

364 3102 563 3187 οοριοορος)
587 3094 639 3166 ὅτι
662 3111 773 3182 3333.
818 3095 862 3179 ὡς
886 3112 935 3184 33,
947 3112 997 3169 43.
1019 3112 1069 3182 41,
1082 3112 1130 3168 34.
1154 3111 1262 3184 3333.

244 3209 462 3289 μυθολογώ
484 3199 528 3282 ὡς
551 3215 599 3282 60,
613 3215 661 3273 29.

247 3303 501 3390 νεανιεύομαι
524 3297 570 3383 ὠς
595 3317 724 3391 19,194.

246 3409 433 3493 ὁμοιογσ
465 3403 518 3474 ὅτι
556 3421 605 3491 20,
618 3420 667 3478 26.
697 3419 806 3490 3313.
835 3420 884 3488 33,
899 3420 927 3476 3.
950 3420 1053 3486 3333
1076 3437 1116 3462 =
1140 3412 1284 3489 38,21.³)

160 3523 407 3594 53113337.
452 3539 495 3594 ρο.
520 3523 568 3594 22,
583 3524 608 3578 1.
653 3500 698 3588 ὡς
722 3523 812 3592 314.
836 3523 885 3593 24,
900 3521 968 3579 152.
992 3522 1041 3588 33,
1054 3523 1082 3578 3.

316 3603 592 3706 ὁμολογούμενον
616 3614 800 3698 καθίστημι
824 3607 877 3677 ὅτι
901 3625 927 3694 7,
941 3623 969 3680 9.

316 3718 536 3802 συνομολογοῖι
560 3726 672 3799 26,10.

248 3925 269 3992 ¹)
287 3927 352 3990 27,7
379 3918 421 3990 (τὸ
441 3919 470 3978 δὲ
493 3925 608 3991 πλῆθος
632 3928 682 3990 τῆς
699 3916 799 3986 οὐσίας
817 3940 862 3976 οτι
880 3923 958 3976 τοῦτ’
978 3913 1012 3992 ἦν
1030 3918 1063 3975 τὸ
1082 3918 1285 3990 καταλειφθέν,

158 4004 291 4078 μέγιστοι
310 4006 365 4084 μὲν
383 4001 465 4062 αὐτοί
482 3999 629 4078 μάρτυρές
646 4025 696 4076 μοι
715 4003 879 4077 γεγόνασιν,
958 4004 1048 4064 δεῖδὲ
1068 4005 1116 4062 καί
1133 4008 1199 4060 καθ’
1219 3998 1285 4062 ἕκα-

159 4112 232 4149 στον
249 4083 323 4160 ὑμᾶς
335 4087 458 4148 ἀκοῦσαι
477 4089 514 4147 τὰ
531 4087 557 4146 ι’
576 4087 681 4163 ἐνεργὰ
700 4087 796 4148 αὐτῶν
813 4091 864 4147 καί
882 4085 928 4148 ίίσ’
945 4085 979 4163 ἦν
1000 4088 1077 4164 ἀργὰ
1094 4090 1144 4146 καί
1161 4082 1234 4148 ὅσου
1252 4081 1287 4160 η”ν

160 4171 355 4248 ἄξι’,ίκαστα)
373 4179 417 4232 hie
434 4195 491 4234 non
503 4180 717 4245 numeraverim
735 4179 891 4248 intellegam
910 4179 1016 4248 potius:
1035 4179 1085 4234 sed
1098 4178 1173 4247 quod
1185 4177 1219 4230 ad
1232 4177 1286 4232 ίοτ-

159 4271 283 4319 tunarum
301 4263 453 4318 relictarum
472 4263 673 4318 multitudinem
692 4264 792 4318 attinet
810 4269 861 4318 etc.
953 4266 975 4332 ²)
1000 4263 1035 4319 Sa
1060 4255 1105 4316 ίίτι
1124 4266 1286 4334 παρανομεῖ

161 4349 310 4406 delendum
328 4357 415 4421 putat.
486 4353 508 4416 ³)
527 4349 568 4404 ef.
586 4356 639 4422 ρῖ
659 4355 758 4410 3331.
792 4378 796 4383 ·
