<?xml version="1.0" encoding="UTF-8"?>
<!DOCTYPE html PUBLIC "-//W3C//DTD XHTML 1.0 Transitional//EN"
    "http://www.w3.org/TR/xhtml1/DTD/xhtml1-transitional.dtd">
<html xmlns="http://www.w3.org/1999/xhtml" xml:lang="en" lang="en">
 <head>
  <title>
</title>
<meta http-equiv="Content-Type" content="text/html;charset=utf-8" />
  <meta name='ocr-system' content='tesseract 3.04.00' />
  <meta name='ocr-capabilities' content='ocr_page ocr_carea ocr_par ocr_line ocrx_word'/>
</head>
<body>
  <div class='ocr_page' id='page_1' title='image "./quaestionesdeel00kaisgoog_0027.png"; bbox 0 0 3222 5092; ppageno 0'>
   <div class='ocr_carea' id='block_1_1' title="bbox 349 407 392 466">
    <p class='ocr_par' dir='ltr' id='par_1_1' title="bbox 349 407 392 466">
     <span class='ocr_line' id='line_1_1' title="bbox 349 407 392 466; baseline -0.023 0"><span class='ocrx_word' id='word_1_1' title='bbox 349 407 392 466; x_wconf 68' lang='lat'><strong>20</strong></span> 
     </span>
    </p>
   </div>
   <div class='ocr_carea' id='block_1_2' title="bbox 346 574 1473 4037">
    <p class='ocr_par' dir='ltr' id='par_1_2' title="bbox 346 574 1473 3110">
     <span class='ocr_line' id='line_1_2' title="bbox 348 574 1473 654; baseline 0.004 -20"><span class='ocrx_word' id='word_1_2' title='bbox 348 577 386 636; x_wconf 86' lang='lat' dir='ltr'><strong>ab</strong></span> <span class='ocrx_word' id='word_1_3' title='bbox 415 574 598 634; x_wconf 82' lang='lat' dir='ltr'><strong>adversariis</strong></span> <span class='ocrx_word' id='word_1_4' title='bbox 626 575 758 634; x_wconf 76' lang='lat' dir='ltr'><strong>allatum·</strong></span> <span class='ocrx_word' id='word_1_5' title='bbox 780 575 816 633; x_wconf 81' lang='lat' dir='ltr'><strong>isi</strong></span> <span class='ocrx_word' id='word_1_6' title='bbox 849 574 934 650; x_wconf 86' lang='lat' dir='ltr'><strong>fiugil</strong></span> <span class='ocrx_word' id='word_1_7' title='bbox 964 575 1309 652; x_wconf 83' lang='lat' dir='ltr'><strong>impugnandaquesihi</strong></span> <span class='ocrx_word' id='word_1_8' title='bbox 1330 579 1473 654; x_wconf 82' lang='lat' dir='ltr'><strong>proponit</strong></span> 
     </span>
     <span class='ocr_line' id='line_1_3' title="bbox 349 661 1472 758; baseline 0 -20"><span class='ocrx_word' id='word_1_9' title='bbox 349 675 538 752; x_wconf 83' lang='lat' dir='ltr'><strong>(ut19,134</strong></span> <span class='ocrx_word' id='word_1_10' title='bbox 559 665 643 753; x_wconf 85' lang='grc' dir='ltr'><em>τάχα</em></span> <span class='ocrx_word' id='word_1_11' title='bbox 664 670 783 734; x_wconf 81' lang='grc' dir='ltr'><strong><em>τοίνυν</em></strong></span> <span class='ocrx_word' id='word_1_12' title='bbox 808 666 908 756; x_wconf 71' lang='grc' dir='ltr'><strong><em>[ἴσως]</em></strong></span> <span class='ocrx_word' id='word_1_13' title='bbox 933 670 989 734; x_wconf 91' lang='grc' dir='ltr'><strong>καὶ</strong></span> <span class='ocrx_word' id='word_1_14' title='bbox 1008 672 1166 748; x_wconf 84' lang='grc' dir='ltr'><strong><em>τοιοῦτος</em></strong></span> <span class='ocrx_word' id='word_1_15' title='bbox 1181 661 1251 755; x_wconf 73' lang='grc' dir='ltr'><strong><em>ήξει</em></strong></span> <span class='ocrx_word' id='word_1_16' title='bbox 1266 667 1472 758; x_wconf 33' lang='grc' dir='ltr'><strong><em>λόγος’παρὰ</em></strong></span> 
     </span>
     <span class='ocr_line' id='line_1_4' title="bbox 348 762 1472 858; baseline 0.003 -21"><span class='ocrx_word' id='word_1_17' title='bbox 348 768 484 838; x_wconf 89' lang='grc' dir='ltr'><strong><em>τοότοον</em></strong></span> <span class='ocrx_word' id='word_1_18' title='bbox 506 763 552 848; x_wconf 84' lang='grc' dir='ltr'><strong><em>ιός</em></strong></span> <span class='ocrx_word' id='word_1_19' title='bbox 576 762 658 858; x_wconf 75' lang='grc' dir='ltr'><strong><em>ἀρχή</em></strong></span> <span class='ocrx_word' id='word_1_20' title='bbox 680 767 853 856; x_wconf 88' lang='grc' dir='ltr'><strong><em>γενήσεται</em></strong></span> <span class='ocrx_word' id='word_1_21' title='bbox 875 766 961 854; x_wconf 86' lang='grc' dir='ltr'><strong><em>πρός</em></strong></span> <span class='ocrx_word' id='word_1_22' title='bbox 987 773 1162 838; x_wconf 86' lang='grc' dir='ltr'><strong><em>Φίλιππον</em></strong></span> <span class='ocrx_word' id='word_1_23' title='bbox 1185 769 1317 858; x_wconf 69' lang='grc' dir='ltr'><strong><em>ἔχθρας,</em></strong></span> <span class='ocrx_word' id='word_1_24' title='bbox 1350 774 1379 840; x_wconf 88' lang='grc' dir='ltr'><strong><em>εί</em></strong></span> <span class='ocrx_word' id='word_1_25' title='bbox 1401 779 1472 841; x_wconf 80' lang='grc' dir='ltr'><strong>τῶν</strong></span> 
     </span>
     <span class='ocr_line' id='line_1_5' title="bbox 348 868 1470 960; baseline 0.004 -21"><span class='ocrx_word' id='word_1_26' title='bbox 348 869 631 958; x_wconf 78' lang='grc' dir='ltr'><em>πρεσβευσάντων</em></span> <span class='ocrx_word' id='word_1_27' title='bbox 664 868 728 958; x_wconf 89' lang='grc' dir='ltr'><strong>τήν</strong></span> <span class='ocrx_word' id='word_1_28' title='bbox 755 869 890 960; x_wconf 76' lang='grc' dir='ltr'><strong><em>εἰρήνην</em></strong></span> <span class='ocrx_word' id='word_1_29' title='bbox 917 881 1195 960; x_wconf 84' lang='grc' dir='ltr'><strong><em>καταψηφιεῖσθε.</em></strong></span> <span class='ocrx_word' id='word_1_30' title='bbox 1228 873 1292 960; x_wconf 78' lang='grc' dir='ltr'><strong>ἐγώ</strong></span> <span class='ocrx_word' id='word_1_31' title='bbox 1319 875 1354 942; x_wconf 79' lang='grc' dir='ltr'><strong>δὲ</strong></span> <span class='ocrx_word' id='word_1_32' title='bbox 1377 875 1470 957; x_wconf 58' lang='lat' dir='ltr'><strong>mih</strong></span> 
     </span>
     <span class='ocr_line' id='line_1_6' title="bbox 349 968 1470 1066; baseline 0.002 -21"><span class='ocrx_word' id='word_1_33' title='bbox 349 1003 425 1064; x_wconf 86' lang='lat' dir='ltr'><strong>quos</strong></span> <span class='ocrx_word' id='word_1_34' title='bbox 446 984 525 1044; x_wconf 80' lang='lat' dir='ltr'><strong>iuter</strong></span> <span class='ocrx_word' id='word_1_35' title='bbox 547 985 630 1044; x_wconf 89' lang='lat' dir='ltr'><strong>locos</strong></span> <span class='ocrx_word' id='word_1_36' title='bbox 654 984 736 1043; x_wconf 82' lang='lat' dir='ltr'><strong>multi</strong></span> <span class='ocrx_word' id='word_1_37' title='bbox 759 989 837 1059; x_wconf 84' lang='lat' dir='ltr'><strong>suut,</strong></span> <span class='ocrx_word' id='word_1_38' title='bbox 859 985 910 1044; x_wconf 91' lang='lat' dir='ltr'><strong>ubi</strong></span> <span class='ocrx_word' id='word_1_39' title='bbox 933 985 1108 1060; x_wconf 76' lang='lat' dir='ltr'><strong>particulam</strong></span> <span class='ocrx_word' id='word_1_40' title='bbox 1131 968 1177 1056; x_wconf 67' lang='grc' dir='ltr'><strong>σός</strong></span> <span class='ocrx_word' id='word_1_41' title='bbox 1200 987 1347 1062; x_wconf 84' lang='lat' dir='ltr'><strong>particula</strong></span> <span class='ocrx_word' id='word_1_42' title='bbox 1369 987 1470 1066; x_wconf 89' lang='lat' dir='ltr'><strong>aliqua</strong></span> 
     </span>
     <span class='ocr_line' id='line_1_7' title="bbox 350 1085 1471 1166; baseline 0.004 -20"><span class='ocrx_word' id='word_1_43' title='bbox 350 1087 493 1163; x_wconf 81' lang='lat' dir='ltr'><strong>negativa·</strong></span> <span class='ocrx_word' id='word_1_44' title='bbox 523 1085 690 1164; x_wconf 79' lang='lat' dir='ltr'><strong>praecedit3</strong></span> <span class='ocrx_word' id='word_1_45' title='bbox 720 1104 780 1163; x_wconf 90' lang='lat' dir='ltr'><strong>quc</strong></span> <span class='ocrx_word' id='word_1_46' title='bbox 807 1087 1001 1147; x_wconf 87' lang='lat' dir='ltr'><strong>Kuehueuum</strong></span> <span class='ocrx_word' id='word_1_47' title='bbox 1034 1087 1189 1148; x_wconf 83' lang='lat' dir='ltr'><strong>inductum</strong></span> <span class='ocrx_word' id='word_1_48' title='bbox 1223 1107 1290 1148; x_wconf 90' lang='lat' dir='ltr'><strong>esse</strong></span> <span class='ocrx_word' id='word_1_49' title='bbox 1323 1093 1406 1166; x_wconf 83' lang='lat' dir='ltr'><strong>puto,</strong></span> <span class='ocrx_word' id='word_1_50' title='bbox 1439 1096 1471 1150; x_wconf 83' lang='lat' dir='ltr'><strong>ut</strong></span> 
     </span>
     <span class='ocr_line' id='line_1_8' title="bbox 349 1173 1471 1266; baseline 0.004 -18"><span class='ocrx_word' id='word_1_51' title='bbox 349 1173 395 1260; x_wconf 80' lang='grc' dir='ltr'><strong>οός</strong></span> <span class='ocrx_word' id='word_1_52' title='bbox 417 1189 599 1266; x_wconf 86' lang='lat' dir='ltr'><strong>„hescuders</strong></span> <span class='ocrx_word' id='word_1_53' title='bbox 629 1189 707 1248; x_wconf 90' lang='lat' dir='ltr'><strong>uach</strong></span> <span class='ocrx_word' id='word_1_54' title='bbox 738 1191 832 1248; x_wconf 90' lang='lat' dir='ltr'><strong>ciuem</strong></span> <span class='ocrx_word' id='word_1_55' title='bbox 856 1191 1033 1250; x_wconf 81' lang='lat' dir='ltr'><strong>verueiutcn</strong></span> <span class='ocrx_word' id='word_1_56' title='bbox 1058 1183 1156 1250; x_wconf 83' lang='lat' dir='ltr'><strong>Veub“</strong></span> <span class='ocrx_word' id='word_1_57' title='bbox 1180 1190 1326 1266; x_wconf 82' lang='lat' dir='ltr'><strong>praeferri</strong></span> <span class='ocrx_word' id='word_1_58' title='bbox 1350 1193 1471 1253; x_wconf 85' lang='lat' dir='ltr'><strong>doceret</strong></span> 
     </span>
     <span class='ocr_line' id='line_1_9' title="bbox 349 1274 1470 1372; baseline 0 -20"><span class='ocrx_word' id='word_1_59' title='bbox 349 1292 386 1361; x_wconf 85' lang='lat' dir='ltr'><strong>(e.</strong></span> <span class='ocrx_word' id='word_1_60' title='bbox 400 1311 429 1368; x_wconf 82' lang='lat' dir='ltr'><strong>g.</strong></span> <span class='ocrx_word' id='word_1_61' title='bbox 445 1295 568 1368; x_wconf 79' lang='lat'>24,120</span> <span class='ocrx_word' id='word_1_62' title='bbox 591 1275 633 1351; x_wconf 78' lang='grc' dir='ltr'><strong>οὗ</strong></span> <span class='ocrx_word' id='word_1_63' title='bbox 655 1281 717 1369; x_wconf 88' lang='grc' dir='ltr'><strong>γὰρ</strong></span> <span class='ocrx_word' id='word_1_64' title='bbox 741 1281 780 1372; x_wconf 90' lang='grc' dir='ltr'><strong>δή</strong></span> <span class='ocrx_word' id='word_1_65' title='bbox 803 1283 873 1368; x_wconf 78' lang='grc' dir='ltr'><strong><em>ἐρεῖ</em></strong></span> <span class='ocrx_word' id='word_1_66' title='bbox 893 1308 938 1369; x_wconf 90' lang='grc' dir='ltr'><strong><em>γε,</em></strong></span> <span class='ocrx_word' id='word_1_67' title='bbox 970 1274 1017 1362; x_wconf 84' lang='grc' dir='ltr'><strong>οός</strong></span> <span class='ocrx_word' id='word_1_68' title='bbox 1039 1281 1121 1362; x_wconf 74' lang='grc' dir='ltr'><strong><em>τοὺς</em></strong></span> <span class='ocrx_word' id='word_1_69' title='bbox 1143 1281 1324 1364; x_wconf 84' lang='grc' dir='ltr'><strong><em>τοιούτους</em></strong></span> <span class='ocrx_word' id='word_1_70' title='bbox 1351 1279 1393 1353; x_wconf 80' lang='grc' dir='ltr'><strong>οὐ</strong></span> <span class='ocrx_word' id='word_1_71' title='bbox 1415 1289 1470 1354; x_wconf 86' lang='grc' dir='ltr'><strong>καλ</strong></span> 
     </span>
     <span class='ocr_line' id='line_1_10' title="bbox 348 1383 1471 1475; baseline 0.004 -23"><span class='ocrx_word' id='word_1_72' title='bbox 348 1383 511 1472; x_wconf 88' lang='grc' dir='ltr'><strong><em>προσήκει</em></strong></span> <span class='ocrx_word' id='word_1_73' title='bbox 540 1388 597 1452; x_wconf 87' lang='grc' dir='ltr'><strong>καὶ</strong></span> <span class='ocrx_word' id='word_1_74' title='bbox 624 1385 656 1452; x_wconf 77' lang='grc' dir='ltr'><strong>οἱ</strong></span> <span class='ocrx_word' id='word_1_75' title='bbox 686 1383 784 1472; x_wconf 92' lang='grc' dir='ltr'><strong><em>νόμοι</em></strong></span> <span class='ocrx_word' id='word_1_76' title='bbox 813 1383 987 1456; x_wconf 84' lang='grc' dir='ltr'><strong><em>κελεύουσι</em></strong></span> <span class='ocrx_word' id='word_1_77' title='bbox 1016 1400 1088 1464; x_wconf 90' lang='grc' dir='ltr'><strong><em>ταῑς</em></strong></span> <span class='ocrx_word' id='word_1_78' title='bbox 1108 1389 1277 1472; x_wconf 87' lang='grc' dir='ltr'><strong><em>μεγίσταις</em></strong></span> <span class='ocrx_word' id='word_1_79' title='bbox 1298 1392 1471 1475; x_wconf 80' lang='grc' dir='ltr'><strong><em>τιμωρίαις</em></strong></span> 
     </span>
     <span class='ocr_line' id='line_1_11' title="bbox 349 1477 1471 1579; baseline 0.004 -24"><span class='ocrx_word' id='word_1_80' title='bbox 349 1485 487 1574; x_wconf 79' lang='grc' dir='ltr'><strong><em>ἐνόχους</em></strong></span> <span class='ocrx_word' id='word_1_81' title='bbox 510 1485 604 1569; x_wconf 76' lang='grc' dir='ltr'><strong><em>εἶναι,</em></strong></span> <span class='ocrx_word' id='word_1_82' title='bbox 636 1483 710 1555; x_wconf 76' lang='grc' dir='ltr'><strong>οὐδ’</strong></span> <span class='ocrx_word' id='word_1_83' title='bbox 733 1491 780 1566; x_wconf 81' lang='grc' dir='ltr'><strong>ὠς</strong></span> <span class='ocrx_word' id='word_1_84' title='bbox 803 1477 899 1556; x_wconf 75' lang='grc' dir='ltr'><strong><em>οὗτοι</em></strong></span> <span class='ocrx_word' id='word_1_85' title='bbox 998 1481 1117 1554; x_wconf 76' lang='grc' dir='ltr'><strong><em>οὔκαὶ</em></strong></span> <span class='ocrx_word' id='word_1_86' title='bbox 1140 1491 1284 1557; x_wconf 75' lang='grc' dir='ltr'><strong><em>κλέπται</em></strong></span> <span class='ocrx_word' id='word_1_87' title='bbox 1306 1493 1363 1558; x_wconf 86' lang='grc' dir='ltr'><strong>καὶ</strong></span> <span class='ocrx_word' id='word_1_88' title='bbox 1386 1488 1471 1579; x_wconf 81' lang='grc' dir='ltr'><strong><em>ἱερό-</em></strong></span> 
     </span>
     <span class='ocr_line' id='line_1_12' title="bbox 348 1588 1470 1684; baseline 0.004 -26"><span class='ocrx_word' id='word_1_89' title='bbox 348 1593 446 1684; x_wconf 86' lang='grc' dir='ltr'><strong><em>συλοί</em></strong></span> <span class='ocrx_word' id='word_1_90' title='bbox 469 1591 530 1658; x_wconf 86' lang='grc' dir='ltr'><strong><em>εἰσι</em></strong></span> <span class='ocrx_word' id='word_1_91' title='bbox 552 1588 645 1672; x_wconf 74' lang='grc' dir='ltr'><strong><em>κτὲ.);</em></strong></span> <span class='ocrx_word' id='word_1_92' title='bbox 679 1599 809 1676; x_wconf 75' lang='lat' dir='ltr'><strong>denique</strong></span> <span class='ocrx_word' id='word_1_93' title='bbox 840 1599 900 1658; x_wconf 92' lang='lat' dir='ltr'><strong>huc</strong></span> <span class='ocrx_word' id='word_1_94' title='bbox 929 1600 1081 1676; x_wconf 84' lang='lat' dir='ltr'><strong>perliueut</strong></span> <span class='ocrx_word' id='word_1_95' title='bbox 1110 1599 1129 1658; x_wconf 94' lang='lat' dir='ltr'><strong>ii</strong></span> <span class='ocrx_word' id='word_1_96' title='bbox 1153 1600 1224 1678; x_wconf 84' lang='lat' dir='ltr'><strong>loci,</strong></span> <span class='ocrx_word' id='word_1_97' title='bbox 1254 1601 1304 1660; x_wconf 92' lang='lat' dir='ltr'><strong>ubi</strong></span> <span class='ocrx_word' id='word_1_98' title='bbox 1326 1603 1401 1662; x_wconf 88' lang='lat' dir='ltr'><strong>meri</strong></span> <span class='ocrx_word' id='word_1_99' title='bbox 1423 1621 1470 1662; x_wconf 86' lang='lat' dir='ltr'><strong>ru·</strong></span> 
     </span>
     <span class='ocr_line' id='line_1_13' title="bbox 348 1687 1470 1780; baseline 0.004 -20"><span class='ocrx_word' id='word_1_100' title='bbox 348 1720 447 1764; x_wconf 86' lang='lat' dir='ltr'><strong>mores</strong></span> <span class='ocrx_word' id='word_1_101' title='bbox 470 1706 649 1778; x_wconf 79' lang='lat' dir='ltr'><strong>repetuntur</strong></span> <span class='ocrx_word' id='word_1_102' title='bbox 673 1704 717 1776; x_wconf 77' lang='lat' dir='ltr'><strong>[ut</strong></span> <span class='ocrx_word' id='word_1_103' title='bbox 739 1707 765 1779; x_wconf 91' lang='lat'><strong>1,</strong></span> <span class='ocrx_word' id='word_1_104' title='bbox 778 1706 818 1762; x_wconf 77' lang='lat'><strong>22</strong></span> <span class='ocrx_word' id='word_1_105' title='bbox 841 1687 969 1780; x_wconf 87' lang='grc' dir='ltr'><strong><em>ήκουον</em></strong></span> <span class='ocrx_word' id='word_1_106' title='bbox 993 1687 1021 1760; x_wconf 83' lang='grc' dir='ltr'><strong>δ’</strong></span> <span class='ocrx_word' id='word_1_107' title='bbox 1037 1691 1142 1780; x_wconf 75' lang='grc' dir='ltr'><strong><em>ἔγωγέ</em></strong></span> <span class='ocrx_word' id='word_1_108' title='bbox 1170 1719 1282 1776; x_wconf 89' lang='grc' dir='ltr'><strong><em>τινων,</em></strong></span> <span class='ocrx_word' id='word_1_109' title='bbox 1313 1691 1361 1774; x_wconf 83' lang='grc' dir='ltr'><strong>ὡς</strong></span> <span class='ocrx_word' id='word_1_110' title='bbox 1389 1689 1470 1764; x_wconf 77' lang='grc' dir='ltr'><strong><em>ου’δε</em></strong></span> 
     </span>
     <span class='ocr_line' id='line_1_14' title="bbox 347 1789 1471 1884; baseline 0.002 -20"><span class='ocrx_word' id='word_1_111' title='bbox 347 1793 582 1883; x_wconf 81' lang='grc' dir='ltr'><strong><em>τούςλιμένας</em></strong></span> <span class='ocrx_word' id='word_1_112' title='bbox 603 1798 660 1862; x_wconf 89' lang='grc' dir='ltr'><strong>καὶ</strong></span> <span class='ocrx_word' id='word_1_113' title='bbox 682 1795 741 1876; x_wconf 84' lang='grc' dir='ltr'><strong>τὰς</strong></span> <span class='ocrx_word' id='word_1_114' title='bbox 764 1789 889 1882; x_wconf 76' lang='grc' dir='ltr'><strong><em>ἀγορὰς</em></strong></span> <span class='ocrx_word' id='word_1_115' title='bbox 911 1795 960 1862; x_wconf 72' lang='grc' dir='ltr'><strong><em>ἔτι</em></strong></span> <span class='ocrx_word' id='word_1_116' title='bbox 983 1793 1125 1864; x_wconf 78' lang='grc' dir='ltr'><strong><em>δώσοιεν</em></strong></span> <span class='ocrx_word' id='word_1_117' title='bbox 1141 1792 1234 1884; x_wconf 77' lang='grc' dir='ltr'><strong><em>αὐτῷ</em></strong></span> <span class='ocrx_word' id='word_1_118' title='bbox 1250 1803 1471 1883; x_wconf 76' lang='grc' dir='ltr'><strong><em>καρποῦσθαι</em></strong></span> 
     </span>
     <span class='ocr_line' id='line_1_15' title="bbox 347 1897 1471 1985; baseline 0.004 -19"><span class='ocrx_word' id='word_1_119' title='bbox 347 1897 434 1980; x_wconf 60' lang='grc' dir='ltr'><strong><em>ατε).</em></strong></span> <span class='ocrx_word' id='word_1_120' title='bbox 457 1939 496 1949; x_wconf 91' lang='grc'>-</span> <span class='ocrx_word' id='word_1_121' title='bbox 539 1908 597 1969; x_wconf 84' lang='lat' dir='ltr'><strong>Sed</strong></span> <span class='ocrx_word' id='word_1_122' title='bbox 635 1909 711 1968; x_wconf 91' lang='lat' dir='ltr'><strong>haec</strong></span> <span class='ocrx_word' id='word_1_123' title='bbox 745 1909 774 1968; x_wconf 90' lang='lat' dir='ltr'><strong>iu</strong></span> <span class='ocrx_word' id='word_1_124' title='bbox 812 1908 984 1968; x_wconf 85' lang='lat' dir='ltr'><strong>uuiversum</strong></span> <span class='ocrx_word' id='word_1_125' title='bbox 1020 1908 1106 1968; x_wconf 87' lang='lat' dir='ltr'><strong>mode</strong></span> <span class='ocrx_word' id='word_1_126' title='bbox 1140 1908 1297 1985; x_wconf 78' lang='lat' dir='ltr'><strong>quadrant.</strong></span> <span class='ocrx_word' id='word_1_127' title='bbox 1351 1911 1471 1971; x_wconf 81' lang='lat' dir='ltr'><strong>llteuim</strong></span> 
     </span>
     <span class='ocr_line' id='line_1_16' title="bbox 348 1996 1470 2090; baseline 0.002 -19"><span class='ocrx_word' id='word_1_128' title='bbox 348 2011 478 2076; x_wconf 89' lang='lat' dir='ltr'><strong>omnium</strong></span> <span class='ocrx_word' id='word_1_129' title='bbox 507 2010 571 2072; x_wconf 83' lang='lat' dir='ltr'><strong>fere</strong></span> <span class='ocrx_word' id='word_1_130' title='bbox 601 2012 769 2071; x_wconf 83' lang='lat' dir='ltr'><strong>orationum</strong></span> <span class='ocrx_word' id='word_1_131' title='bbox 802 2029 861 2070; x_wconf 89' lang='lat' dir='ltr'><strong>uon</strong></span> <span class='ocrx_word' id='word_1_132' title='bbox 891 2011 980 2087; x_wconf 89' lang='lat' dir='ltr'><strong>pauci</strong></span> <span class='ocrx_word' id='word_1_133' title='bbox 1011 2011 1066 2070; x_wconf 88' lang='lat' dir='ltr'><strong>loci</strong></span> <span class='ocrx_word' id='word_1_134' title='bbox 1090 2018 1169 2088; x_wconf 85' lang='lat' dir='ltr'><strong>suut,</strong></span> <span class='ocrx_word' id='word_1_135' title='bbox 1199 2011 1309 2089; x_wconf 85' lang='lat' dir='ltr'><strong>quibus</strong></span> <span class='ocrx_word' id='word_1_136' title='bbox 1332 1996 1384 2072; x_wconf 86' lang='grc' dir='ltr'><strong><em>ότι</em></strong></span> <span class='ocrx_word' id='word_1_137' title='bbox 1415 2032 1470 2090; x_wconf 84' lang='lat' dir='ltr'><strong>pro</strong></span> 
     </span>
     <span class='ocr_line' id='line_1_17' title="bbox 348 2096 1471 2208; baseline 0.004 -36"><span class='ocrx_word' id='word_1_138' title='bbox 348 2096 394 2184; x_wconf 80' lang='grc' dir='ltr'><strong>ὡς</strong></span> <span class='ocrx_word' id='word_1_139' title='bbox 423 2118 474 2174; x_wconf 81' lang='lat' dir='ltr'><strong>aut</strong></span> <span class='ocrx_word' id='word_1_140' title='bbox 505 2096 552 2183; x_wconf 79' lang='grc' dir='ltr'><strong>αλς</strong></span> <span class='ocrx_word' id='word_1_141' title='bbox 570 2132 633 2191; x_wconf 85' lang='lat' dir='ltr'><strong>¹pru</strong></span> <span class='ocrx_word' id='word_1_142' title='bbox 667 2097 720 2171; x_wconf 86' lang='grc' dir='ltr'><strong><em>ότι</em></strong></span> <span class='ocrx_word' id='word_1_143' title='bbox 750 2113 869 2208; x_wconf 80' lang='lat' dir='ltr'><strong>videtur</strong></span> <span class='ocrx_word' id='word_1_144' title='bbox 896 2114 1007 2174; x_wconf 87' lang='lat' dir='ltr'><strong>dictum</strong></span> <span class='ocrx_word' id='word_1_145' title='bbox 1042 2131 1107 2172; x_wconf 89' lang='lat' dir='ltr'><strong>esse</strong></span> <span class='ocrx_word' id='word_1_146' title='bbox 1141 2131 1238 2190; x_wconf 86' lang='lat' dir='ltr'><strong>neque</strong></span> <span class='ocrx_word' id='word_1_147' title='bbox 1272 2115 1336 2174; x_wconf 90' lang='lat' dir='ltr'><strong>ulla</strong></span> <span class='ocrx_word' id='word_1_148' title='bbox 1367 2134 1471 2176; x_wconf 82' lang='lat' dir='ltr'><strong>eorum</strong></span> 
     </span>
     <span class='ocr_line' id='line_1_18' title="bbox 347 2201 1471 2295; baseline 0 -19"><span class='ocrx_word' id='word_1_149' title='bbox 347 2216 423 2276; x_wconf 76' lang='lat' dir='ltr'><strong>ratio</strong></span> <span class='ocrx_word' id='word_1_150' title='bbox 448 2217 596 2285; x_wconf 61' lang='lat' dir='ltr'><strong>counitum</strong></span> <span class='ocrx_word' id='word_1_151' title='bbox 618 2220 651 2274; x_wconf 82' lang='lat' dir='ltr'><strong>ut</strong></span> <span class='ocrx_word' id='word_1_152' title='bbox 676 2220 798 2294; x_wconf 88' lang='grc'>18,169</span> <span class='ocrx_word' id='word_1_153' title='bbox 827 2209 896 2295; x_wconf 85' lang='grc' dir='ltr'><strong><em>ήκε</em></strong></span> <span class='ocrx_word' id='word_1_154' title='bbox 915 2202 944 2274; x_wconf 77' lang='grc' dir='ltr'><strong>δ’</strong></span> <span class='ocrx_word' id='word_1_155' title='bbox 967 2201 1141 2294; x_wconf 78' lang='grc' dir='ltr'><strong><em>ἀγγέλλων</em></strong></span> <span class='ocrx_word' id='word_1_156' title='bbox 1166 2233 1287 2288; x_wconf 91' lang='grc' dir='ltr'><strong><em>τις</em></strong></span> <span class='ocrx_word' id='word_1_157' title='bbox 1320 2201 1365 2287; x_wconf 81' lang='grc' dir='ltr'><strong>ὥς</strong></span> <span class='ocrx_word' id='word_1_158' title='bbox 1386 2202 1471 2277; x_wconf 75' lang='grc' dir='ltr'><strong><em>Ἐλά-</em></strong></span> 
     </span>
     <span class='ocr_line' id='line_1_19' title="bbox 346 2303 1471 2401; baseline 0.002 -25"><span class='ocrx_word' id='word_1_159' title='bbox 346 2333 419 2380; x_wconf 83' lang='grc' dir='ltr'><strong><em>τεια</em></strong></span> <span class='ocrx_word' id='word_1_160' title='bbox 451 2313 688 2397; x_wconf 82' lang='grc' dir='ltr'><strong><em>κατείληπται,</em></strong></span> <span class='ocrx_word' id='word_1_161' title='bbox 726 2319 903 2395; x_wconf 77' lang='lat' dir='ltr'><strong>quibuscum</strong></span> <span class='ocrx_word' id='word_1_162' title='bbox 941 2318 1078 2380; x_wconf 80' lang='lat' dir='ltr'><strong>ccuieras</strong></span> <span class='ocrx_word' id='word_1_163' title='bbox 1114 2322 1161 2390; x_wconf 83' lang='lat'><strong>19,</strong></span> <span class='ocrx_word' id='word_1_164' title='bbox 1186 2323 1226 2380; x_wconf 89' lang='grc'><strong>60</strong></span> <span class='ocrx_word' id='word_1_165' title='bbox 1261 2303 1471 2401; x_wconf 76' lang='grc' dir='ltr'><strong><em>ἀπήγγελλεν</em></strong></span> 
     </span>
     <span class='ocr_line' id='line_1_20' title="bbox 347 2402 1470 2500; baseline 0.004 -22"><span class='ocrx_word' id='word_1_166' title='bbox 347 2402 427 2498; x_wconf 71' lang='grc' dir='ltr'><strong><em>ὑμῖν</em></strong></span> <span class='ocrx_word' id='word_1_167' title='bbox 449 2407 503 2479; x_wconf 83' lang='grc' dir='ltr'><strong><em>ότι</em></strong></span> <span class='ocrx_word' id='word_1_168' title='bbox 525 2409 636 2480; x_wconf 87' lang='grc' dir='ltr'><strong><em>πάντα</em></strong></span> <span class='ocrx_word' id='word_1_169' title='bbox 659 2411 702 2480; x_wconf 86' lang='grc' dir='ltr'><strong>τὰ</strong></span> <span class='ocrx_word' id='word_1_170' title='bbox 724 2405 890 2498; x_wconf 75' lang='grc' dir='ltr'><strong><em>πράγματ’</em></strong></span> <span class='ocrx_word' id='word_1_171' title='bbox 913 2411 1108 2499; x_wconf 78' lang='grc' dir='ltr'><strong><em>ἐγκεχείρικε</em></strong></span> <span class='ocrx_word' id='word_1_172' title='bbox 1131 2416 1290 2500; x_wconf 79' lang='grc' dir='ltr'><strong><em>Θηβαίοις</em></strong></span> <span class='ocrx_word' id='word_1_173' title='bbox 1313 2409 1331 2481; x_wconf 87' lang='grc' dir='ltr'><strong><em>ό</em></strong></span> <span class='ocrx_word' id='word_1_174' title='bbox 1351 2417 1470 2482; x_wconf 87' lang='grc' dir='ltr'><strong><em>Φίλιπ-</em></strong></span> 
     </span>
     <span class='ocr_line' id='line_1_21' title="bbox 347 2508 1471 2603; baseline 0.003 -21"><span class='ocrx_word' id='word_1_175' title='bbox 347 2535 419 2594; x_wconf 87' lang='grc' dir='ltr'><strong><em>πος.</em></strong></span> <span class='ocrx_word' id='word_1_176' title='bbox 464 2525 631 2596; x_wconf 80' lang='lat'>40,15.44</span> <span class='ocrx_word' id='word_1_177' title='bbox 654 2509 707 2582; x_wconf 88' lang='grc' dir='ltr'><strong><em>ότι</em></strong></span> <span class='ocrx_word' id='word_1_178' title='bbox 737 2517 773 2582; x_wconf 82' lang='grc' dir='ltr'><strong>δὲ</strong></span> <span class='ocrx_word' id='word_1_179' title='bbox 802 2517 859 2580; x_wconf 88' lang='grc' dir='ltr'><strong>καὶ</strong></span> <span class='ocrx_word' id='word_1_180' title='bbox 885 2508 989 2582; x_wconf 74' lang='grc' dir='ltr'><strong><em>ταῦθ’</em></strong></span> <span class='ocrx_word' id='word_1_181' title='bbox 1014 2508 1126 2603; x_wconf 76' lang='grc' dir='ltr'><strong><em>ἀληθῆ</em></strong></span> <span class='ocrx_word' id='word_1_182' title='bbox 1149 2517 1235 2601; x_wconf 83' lang='grc' dir='ltr'><strong><em>λέγω</em></strong></span> <span class='ocrx_word' id='word_1_183' title='bbox 1332 2517 1471 2597; x_wconf 78' lang='grc' dir='ltr'><strong><em>εἴσεσθε,</em></strong></span> 
     </span>
     <span class='ocr_line' id='line_1_22' title="bbox 347 2609 1470 2708; baseline 0.002 -22"><span class='ocrx_word' id='word_1_184' title='bbox 347 2625 400 2686; x_wconf 88' lang='lat' dir='ltr'><strong>sed</strong></span> <span class='ocrx_word' id='word_1_185' title='bbox 423 2629 474 2703; x_wconf 88' lang='lat'><strong>40,</strong></span> <span class='ocrx_word' id='word_1_186' title='bbox 487 2629 526 2687; x_wconf 82' lang='lat'><strong>52</strong></span> <span class='ocrx_word' id='word_1_187' title='bbox 550 2609 597 2696; x_wconf 75' lang='grc' dir='ltr'><strong>ὥς</strong></span> <span class='ocrx_word' id='word_1_188' title='bbox 620 2613 648 2684; x_wconf 78' lang='grc' dir='ltr'><strong>δ’</strong></span> <span class='ocrx_word' id='word_1_189' title='bbox 664 2612 774 2708; x_wconf 83' lang='grc' dir='ltr'><strong><em>όληθή</em></strong></span> <span class='ocrx_word' id='word_1_190' title='bbox 796 2620 854 2684; x_wconf 85' lang='grc' dir='ltr'><strong>καλ</strong></span> <span class='ocrx_word' id='word_1_191' title='bbox 876 2623 985 2684; x_wconf 82' lang='grc' dir='ltr'><strong><em>ταῦτα</em></strong></span> <span class='ocrx_word' id='word_1_192' title='bbox 1008 2619 1095 2703; x_wconf 82' lang='grc' dir='ltr'><strong><em>λέγω</em></strong></span> <span class='ocrx_word' id='word_1_193' title='bbox 1193 2619 1330 2688; x_wconf 71' lang='grc' dir='ltr'><strong><em>εἴσεσθε.</em></strong></span> <span class='ocrx_word' id='word_1_194' title='bbox 1365 2629 1470 2704; x_wconf 82' lang='lat' dir='ltr'><strong>ltaque</strong></span> 
     </span>
     <span class='ocr_line' id='line_1_23' title="bbox 346 2711 1470 2817; baseline -0.001 -24"><span class='ocrx_word' id='word_1_195' title='bbox 346 2729 495 2798; x_wconf 83' lang='lat' dir='ltr'><strong>interdum</strong></span> <span class='ocrx_word' id='word_1_196' title='bbox 519 2730 617 2789; x_wconf 82' lang='lat' dir='ltr'><strong>atiam-</strong></span> <span class='ocrx_word' id='word_1_197' title='bbox 629 2729 667 2788; x_wconf 88' lang='lat' dir='ltr'><strong>ad</strong></span> <span class='ocrx_word' id='word_1_198' title='bbox 689 2731 766 2788; x_wconf 86' lang='lat' dir='ltr'><strong>idem</strong></span> <span class='ocrx_word' id='word_1_199' title='bbox 789 2730 911 2817; x_wconf 87' lang='lat' dir='ltr'><strong>verbum</strong></span> <span class='ocrx_word' id='word_1_200' title='bbox 936 2730 1022 2790; x_wconf 90' lang='lat' dir='ltr'><strong>simul</strong></span> <span class='ocrx_word' id='word_1_201' title='bbox 1037 2733 1067 2788; x_wconf 86' lang='lat' dir='ltr'><strong>ct</strong></span> <span class='ocrx_word' id='word_1_202' title='bbox 1081 2712 1133 2788; x_wconf 84' lang='grc' dir='ltr'><strong><em>ότι</em></strong></span> <span class='ocrx_word' id='word_1_203' title='bbox 1149 2733 1179 2789; x_wconf 82' lang='lat' dir='ltr'><strong>ei</strong></span> <span class='ocrx_word' id='word_1_204' title='bbox 1193 2711 1239 2801; x_wconf 77' lang='grc' dir='ltr'><strong>ὡς</strong></span> <span class='ocrx_word' id='word_1_205' title='bbox 1254 2729 1470 2808; x_wconf 79' lang='lat' dir='ltr'><strong>significatione</strong></span> 
     </span>
     <span class='ocr_line' id='line_1_24' title="bbox 347 2815 1470 2909; baseline 0 -17"><span class='ocrx_word' id='word_1_206' title='bbox 347 2833 466 2892; x_wconf 88' lang='lat' dir='ltr'><strong>omuino</strong></span> <span class='ocrx_word' id='word_1_207' title='bbox 498 2831 710 2892; x_wconf 83' lang='lat' dir='ltr'><strong>ucudiversa</strong></span> <span class='ocrx_word' id='word_1_208' title='bbox 739 2832 921 2909; x_wconf 85' lang='lat' dir='ltr'><strong>referuntur,</strong></span> <span class='ocrx_word' id='word_1_209' title='bbox 953 2837 987 2892; x_wconf 83' lang='lat' dir='ltr'><strong>ut</strong></span> <span class='ocrx_word' id='word_1_210' title='bbox 1015 2835 1135 2909; x_wconf 78' lang='grc'><strong><em>24,187</em></strong></span> <span class='ocrx_word' id='word_1_211' title='bbox 1166 2815 1283 2892; x_wconf 67' lang='lat' dir='ltr'><strong>uacum</strong></span> <span class='ocrx_word' id='word_1_212' title='bbox 1313 2819 1342 2892; x_wconf 78' lang='grc' dir='ltr'><strong>δ’</strong></span> <span class='ocrx_word' id='word_1_213' title='bbox 1365 2818 1470 2894; x_wconf 78' lang='grc' dir='ltr'><strong><em>αὐτὸν</em></strong></span> 
     </span>
     <span class='ocr_line' id='line_1_25' title="bbox 347 2914 1470 3012; baseline 0.003 -20"><span class='ocrx_word' id='word_1_214' title='bbox 347 2926 454 3011; x_wconf 75' lang='grc' dir='ltr'><strong><em>λέγειν</em></strong></span> <span class='ocrx_word' id='word_1_215' title='bbox 484 2914 530 3004; x_wconf 79' lang='grc' dir='ltr'><strong>σός</strong></span> <span class='ocrx_word' id='word_1_216' title='bbox 561 2925 768 2994; x_wconf 79' lang='grc' dir='ltr'><strong><em>ἐκτέτεισται</em></strong></span> <span class='ocrx_word' id='word_1_217' title='bbox 790 2923 833 2992; x_wconf 81' lang='grc' dir='ltr'><strong>τό</strong></span> <span class='ocrx_word' id='word_1_218' title='bbox 858 2920 1063 3012; x_wconf 76' lang='grc' dir='ltr'><strong><em>χρήματ’...</em></strong></span> <span class='ocrx_word' id='word_1_219' title='bbox 1086 2927 1144 2992; x_wconf 83' lang='grc' dir='ltr'><strong>καὶ</strong></span> <span class='ocrx_word' id='word_1_220' title='bbox 1167 2919 1220 2995; x_wconf 85' lang='grc' dir='ltr'><strong><em>ὅτι</em></strong></span> <span class='ocrx_word' id='word_1_221' title='bbox 1243 2921 1407 2994; x_wconf 75' lang='grc' dir='ltr'><strong><em>δεινότατ’</em></strong></span> <span class='ocrx_word' id='word_1_222' title='bbox 1429 2921 1470 2995; x_wconf 76' lang='grc' dir='ltr'><strong>όν</strong></span> 
     </span>
     <span class='ocr_line' id='line_1_26' title="bbox 346 3022 678 3110; baseline 0.003 -16"><span class='ocrx_word' id='word_1_223' title='bbox 346 3022 466 3108; x_wconf 82' lang='grc' dir='ltr'><strong><em>πάθοι,</em></strong></span> <span class='ocrx_word' id='word_1_224' title='bbox 490 3029 519 3096; x_wconf 90' lang='grc' dir='ltr'><strong><em>εί</em></strong></span> <span class='ocrx_word' id='word_1_225' title='bbox 541 3026 618 3110; x_wconf 69' lang='lat' dir='ltr'><strong>ach,</strong></span> <span class='ocrx_word' id='word_1_226' title='bbox 642 3039 678 3096; x_wconf 88' lang='lat' dir='ltr'><strong>al.</strong></span> 
     </span>
    </p>

    <p class='ocr_par' dir='ltr' id='par_1_3' title="bbox 348 3138 1470 3514">
     <span class='ocr_line' id='line_1_27' title="bbox 435 3138 1470 3218; baseline 0.003 -19"><span class='ocrx_word' id='word_1_227' title='bbox 435 3140 607 3200; x_wconf 86' lang='lat' dir='ltr'><strong>Probaulur</strong></span> <span class='ocrx_word' id='word_1_228' title='bbox 629 3144 728 3200; x_wconf 85' lang='lat' dir='ltr'><strong>autem</strong></span> <span class='ocrx_word' id='word_1_229' title='bbox 755 3140 831 3200; x_wconf 89' lang='lat' dir='ltr'><strong>haec</strong></span> <span class='ocrx_word' id='word_1_230' title='bbox 845 3159 936 3216; x_wconf 72' lang='lat' dir='ltr'><strong>‚quae</strong></span> <span class='ocrx_word' id='word_1_231' title='bbox 959 3141 1049 3200; x_wconf 75' lang='lat' dir='ltr'><strong>statui</strong></span> <span class='ocrx_word' id='word_1_232' title='bbox 1074 3138 1173 3200; x_wconf 91' lang='lat' dir='ltr'><strong>iudice</strong></span> <span class='ocrx_word' id='word_1_233' title='bbox 1197 3139 1353 3204; x_wconf 81' lang='lat' dir='ltr'><strong>verbosum</strong></span> <span class='ocrx_word' id='word_1_234' title='bbox 1377 3158 1470 3218; x_wconf 87' lang='lat' dir='ltr'><strong>supra</strong></span> 
     </span>
     <span class='ocr_line' id='line_1_28' title="bbox 350 3240 1470 3320; baseline 0 -18"><span class='ocrx_word' id='word_1_235' title='bbox 350 3240 511 3319; x_wconf 84' lang='lat' dir='ltr'><strong>descripto,</strong></span> <span class='ocrx_word' id='word_1_236' title='bbox 533 3261 569 3302; x_wconf 87' lang='lat' dir='ltr'><strong>ex</strong></span> <span class='ocrx_word' id='word_1_237' title='bbox 593 3261 652 3318; x_wconf 91' lang='lat' dir='ltr'><strong>quc</strong></span> <span class='ocrx_word' id='word_1_238' title='bbox 676 3244 794 3319; x_wconf 85' lang='lat' dir='ltr'><strong>singula</strong></span> <span class='ocrx_word' id='word_1_239' title='bbox 816 3243 907 3304; x_wconf 79' lang='lat' dir='ltr'><strong>verba</strong></span> <span class='ocrx_word' id='word_1_240' title='bbox 929 3262 985 3320; x_wconf 85' lang='lat' dir='ltr'><strong>puo</strong></span> <span class='ocrx_word' id='word_1_241' title='bbox 1008 3241 1277 3319; x_wconf 85' lang='lat' dir='ltr'><strong>significationibus</strong></span> <span class='ocrx_word' id='word_1_242' title='bbox 1297 3243 1359 3302; x_wconf 92' lang='lat' dir='ltr'><strong>suis</strong></span> <span class='ocrx_word' id='word_1_243' title='bbox 1375 3243 1470 3302; x_wconf 78' lang='lat' dir='ltr'><strong>altera</strong></span> 
     </span>
     <span class='ocr_line' id='line_1_29' title="bbox 348 3327 1470 3422; baseline -0.002 -18"><span class='ocrx_word' id='word_1_244' title='bbox 348 3361 413 3404; x_wconf 89' lang='lat' dir='ltr'><strong>cum</strong></span> <span class='ocrx_word' id='word_1_245' title='bbox 448 3327 510 3417; x_wconf 82' lang='grc' dir='ltr'><strong><em>ὅτι,</em></strong></span> <span class='ocrx_word' id='word_1_246' title='bbox 545 3345 641 3404; x_wconf 82' lang='lat' dir='ltr'><strong>altera</strong></span> <span class='ocrx_word' id='word_1_247' title='bbox 675 3363 740 3404; x_wconf 93' lang='lat' dir='ltr'><strong>cum</strong></span> <span class='ocrx_word' id='word_1_248' title='bbox 774 3332 819 3418; x_wconf 78' lang='grc' dir='ltr'><strong>ὡς</strong></span> <span class='ocrx_word' id='word_1_249' title='bbox 852 3352 905 3406; x_wconf 81' lang='lat' dir='ltr'><strong>aut</strong></span> <span class='ocrx_word' id='word_1_250' title='bbox 937 3346 1058 3406; x_wconf 85' lang='lat' dir='ltr'><strong>omniuo</strong></span> <span class='ocrx_word' id='word_1_251' title='bbox 1093 3351 1145 3414; x_wconf 84' lang='lat' dir='ltr'><strong>aut</strong></span> <span class='ocrx_word' id='word_1_252' title='bbox 1178 3346 1354 3422; x_wconf 87' lang='lat' dir='ltr'><strong>plerumque</strong></span> <span class='ocrx_word' id='word_1_253' title='bbox 1386 3345 1470 3422; x_wconf 84' lang='lat' dir='ltr'><strong>iungi</strong></span> 
     </span>
     <span class='ocr_line' id='line_1_30' title="bbox 348 3445 818 3514; baseline 0 -8"><span class='ocrx_word' id='word_1_254' title='bbox 348 3445 456 3506; x_wconf 72' lang='lat' dir='ltr'><strong>eluceh</strong></span> <span class='ocrx_word' id='word_1_255' title='bbox 815 3509 818 3514; x_wconf 73' lang='grc'><strong><em>,</em></strong></span> 
     </span>
    </p>

    <p class='ocr_par' dir='ltr' id='par_1_4' title="bbox 346 3535 1470 4037">
     <span class='ocr_line' id='line_1_31' title="bbox 406 3535 1470 3627; baseline 0.002 -19"><span class='ocrx_word' id='word_1_256' title='bbox 406 3612 408 3620; x_wconf 15' lang='grc' dir='ltr'><strong><em>χ</em></strong></span> <span class='ocrx_word' id='word_1_257' title='bbox 433 3548 513 3608; x_wconf 87' lang='lat' dir='ltr'><strong>Raro</strong></span> <span class='ocrx_word' id='word_1_258' title='bbox 543 3549 703 3609; x_wconf 84' lang='lat' dir='ltr'><strong>admodum</strong></span> <span class='ocrx_word' id='word_1_259' title='bbox 734 3538 868 3622; x_wconf 65' lang='lat' dir='ltr'><strong>cuitu)</strong></span> <span class='ocrx_word' id='word_1_260' title='bbox 898 3569 953 3627; x_wconf 88' lang='lat' dir='ltr'><strong>prc</strong></span> <span class='ocrx_word' id='word_1_261' title='bbox 984 3535 1038 3609; x_wconf 85' lang='grc' dir='ltr'><strong><em>ότι</em></strong></span> <span class='ocrx_word' id='word_1_262' title='bbox 1067 3549 1181 3609; x_wconf 83' lang='lat' dir='ltr'><strong>dictum</strong></span> <span class='ocrx_word' id='word_1_263' title='bbox 1211 3549 1324 3610; x_wconf 87' lang='lat' dir='ltr'><strong>inveni:</strong></span> <span class='ocrx_word' id='word_1_264' title='bbox 1357 3553 1470 3626; x_wconf 87' lang='grc'><strong><em>46,16.</em></strong></span> 
     </span>
     <span class='ocr_line' id='line_1_32' title="bbox 348 3651 1468 3736; baseline 0 -24"><span class='ocrx_word' id='word_1_265' title='bbox 348 3653 460 3723; x_wconf 75' lang='lat'>5057.</span> <span class='ocrx_word' id='word_1_266' title='bbox 487 3655 722 3736; x_wconf 49' lang='lat' dir='ltr'><strong>caucasus.</strong></span> <span class='ocrx_word' id='word_1_267' title='bbox 750 3657 798 3727; x_wconf 88' lang='grc'><strong>61,</strong></span> <span class='ocrx_word' id='word_1_268' title='bbox 812 3655 860 3714; x_wconf 88' lang='grc'><strong>38.</strong></span> <span class='ocrx_word' id='word_1_269' title='bbox 905 3653 1037 3712; x_wconf 85' lang='lat' dir='ltr'><strong>Plurima</strong></span> <span class='ocrx_word' id='word_1_270' title='bbox 1059 3651 1205 3712; x_wconf 88' lang='lat' dir='ltr'><strong>eiusmodi</strong></span> <span class='ocrx_word' id='word_1_271' title='bbox 1229 3652 1366 3726; x_wconf 85' lang='lat' dir='ltr'><strong>exempla</strong></span> <span class='ocrx_word' id='word_1_272' title='bbox 1388 3653 1468 3730; x_wconf 89' lang='lat' dir='ltr'><strong>apud</strong></span> 
     </span>
     <span class='ocr_line' id='line_1_33' title="bbox 347 3751 1468 3832; baseline 0.002 -20"><span class='ocrx_word' id='word_1_273' title='bbox 347 3753 509 3826; x_wconf 82' lang='lat' dir='ltr'><strong>Isocratem</strong></span> <span class='ocrx_word' id='word_1_274' title='bbox 534 3751 725 3832; x_wconf 76' lang='lat' dir='ltr'><strong>leguuluu²);</strong></span> <span class='ocrx_word' id='word_1_275' title='bbox 757 3774 856 3832; x_wconf 86' lang='lat' dir='ltr'><strong>usque</strong></span> <span class='ocrx_word' id='word_1_276' title='bbox 879 3773 950 3815; x_wconf 86' lang='lat' dir='ltr'><strong>veru</strong></span> <span class='ocrx_word' id='word_1_277' title='bbox 974 3773 1042 3814; x_wconf 91' lang='lat' dir='ltr'><strong>eum</strong></span> <span class='ocrx_word' id='word_1_278' title='bbox 1066 3772 1152 3814; x_wconf 92' lang='lat' dir='ltr'><strong>usum</strong></span> <span class='ocrx_word' id='word_1_279' title='bbox 1176 3754 1232 3812; x_wconf 85' lang='lat' dir='ltr'><strong>iam</strong></span> <span class='ocrx_word' id='word_1_280' title='bbox 1256 3754 1468 3831; x_wconf 77' lang='lat' dir='ltr'><strong>provulgatum</strong></span> 
     </span>
     <span class='ocr_line' id='line_1_34' title="bbox 346 3845 1469 3935; baseline 0.001 -19"><span class='ocrx_word' id='word_1_281' title='bbox 346 3855 446 3930; x_wconf 83' lang='lat' dir='ltr'><strong>luisse,</strong></span> <span class='ocrx_word' id='word_1_282' title='bbox 478 3856 532 3916; x_wconf 78' lang='lat' dir='ltr'><strong>sed</strong></span> <span class='ocrx_word' id='word_1_283' title='bbox 560 3845 646 3916; x_wconf 83' lang='grc' dir='ltr'><strong><em>διότι</em></strong></span> <span class='ocrx_word' id='word_1_284' title='bbox 673 3859 703 3918; x_wconf 92' lang='lat' dir='ltr'><strong>iu</strong></span> <span class='ocrx_word' id='word_1_285' title='bbox 725 3876 862 3922; x_wconf 85' lang='lat' dir='ltr'><strong>sermone</strong></span> <span class='ocrx_word' id='word_1_286' title='bbox 885 3858 1004 3935; x_wconf 87' lang='lat' dir='ltr'><strong>vulgari</strong></span> <span class='ocrx_word' id='word_1_287' title='bbox 1032 3861 1093 3916; x_wconf 81' lang='lat' dir='ltr'><strong>lum</strong></span> <span class='ocrx_word' id='word_1_288' title='bbox 1123 3857 1267 3932; x_wconf 85' lang='lat' dir='ltr'><strong>temporis</strong></span> <span class='ocrx_word' id='word_1_289' title='bbox 1290 3857 1469 3934; x_wconf 89' lang='lat' dir='ltr'><strong>plerumque</strong></span> 
     </span>
     <span class='ocr_line' id='line_1_35' title="bbox 346 3950 1470 4037; baseline 0.002 -21"><span class='ocrx_word' id='word_1_290' title='bbox 346 3959 404 4018; x_wconf 86' lang='lat' dir='ltr'><strong>uim</strong></span> <span class='ocrx_word' id='word_1_291' title='bbox 436 3957 576 4020; x_wconf 79' lang='lat' dir='ltr'><strong>habuisse</strong></span> <span class='ocrx_word' id='word_1_292' title='bbox 607 3961 754 4020; x_wconf 77' lang='lat' dir='ltr'><strong>causalem</strong></span> <span class='ocrx_word' id='word_1_293' title='bbox 777 3959 826 4034; x_wconf 84' lang='lat' dir='ltr'><strong>(cf.</strong></span> <span class='ocrx_word' id='word_1_294' title='bbox 841 3965 870 4032; x_wconf 87' lang='lat'><strong>4,</strong></span> <span class='ocrx_word' id='word_1_295' title='bbox 883 3957 936 4033; x_wconf 79' lang='lat'><strong>22)</strong></span> <span class='ocrx_word' id='word_1_296' title='bbox 967 3965 997 4020; x_wconf 83' lang='lat' dir='ltr'><strong>et</strong></span> <span class='ocrx_word' id='word_1_297' title='bbox 1027 3977 1063 4020; x_wconf 84' lang='lat' dir='ltr'><strong>ex</strong></span> <span class='ocrx_word' id='word_1_298' title='bbox 1086 3958 1258 4020; x_wconf 80' lang='lat' dir='ltr'><strong>Aristotelis</strong></span> <span class='ocrx_word' id='word_1_299' title='bbox 1285 3959 1337 4020; x_wconf 90' lang='lat' dir='ltr'><strong>illc</strong></span> <span class='ocrx_word' id='word_1_300' title='bbox 1361 3951 1394 4018; x_wconf 81' lang='grc' dir='ltr'><strong>οἱ</strong></span> <span class='ocrx_word' id='word_1_301' title='bbox 1417 3950 1470 4037; x_wconf 71' lang='lat' dir='ltr'><strong>ip·</strong></span> 
     </span>
    </p>
   </div>
   <div class='ocr_carea' id='block_1_3' title="bbox 344 4118 1469 4362">
    <p class='ocr_par' dir='ltr' id='par_1_5' title="bbox 344 4118 1469 4362">
     <span class='ocr_line' id='line_1_36' title="bbox 394 4118 1469 4190; baseline -0.001 -15"><span class='ocrx_word' id='word_1_302' title='bbox 394 4122 401 4132; x_wconf 68' lang='lat'><em>⁴</em></span> <span class='ocrx_word' id='word_1_303' title='bbox 432 4122 453 4189; x_wconf 90' lang='lat'><strong>¹)</strong></span> <span class='ocrx_word' id='word_1_304' title='bbox 477 4118 517 4175; x_wconf 84' lang='lat' dir='ltr'><strong>Cf.</strong></span> <span class='ocrx_word' id='word_1_305' title='bbox 542 4119 680 4176; x_wconf 82' lang='lat' dir='ltr'><strong>hlaetuuer</strong></span> <span class='ocrx_word' id='word_1_306' title='bbox 704 4122 739 4176; x_wconf 88' lang='lat' dir='ltr'><strong>ad</strong></span> <span class='ocrx_word' id='word_1_307' title='bbox 760 4123 831 4178; x_wconf 84' lang='lat' dir='ltr'><strong>luae.</strong></span> <span class='ocrx_word' id='word_1_308' title='bbox 855 4139 882 4190; x_wconf 87' lang='lat' dir='ltr'><strong>p.</strong></span> <span class='ocrx_word' id='word_1_309' title='bbox 898 4126 954 4177; x_wconf 74' lang='lat'><strong>254.</strong></span> <span class='ocrx_word' id='word_1_310' title='bbox 990 4121 1175 4187; x_wconf 76' lang='lat' dir='ltr'><strong>Schoommn,</strong></span> <span class='ocrx_word' id='word_1_311' title='bbox 1203 4119 1349 4176; x_wconf 80' lang='lat' dir='ltr'><strong>Redcteils</strong></span> <span class='ocrx_word' id='word_1_312' title='bbox 1373 4126 1469 4188; x_wconf 73' lang='lat' dir='ltr'><strong>ples.</strong></span> 
     </span>
     <span class='ocr_line' id='line_1_37' title="bbox 345 4195 1469 4277; baseline 0 -17"><span class='ocrx_word' id='word_1_313' title='bbox 345 4205 476 4260; x_wconf 88' lang='lat' dir='ltr'><strong>Kuehuer</strong></span> <span class='ocrx_word' id='word_1_314' title='bbox 487 4211 546 4275; x_wconf 79' lang='lat'>550,</span> <span class='ocrx_word' id='word_1_315' title='bbox 559 4213 579 4274; x_wconf 90' lang='lat' dir='ltr'><strong>l,</strong></span> <span class='ocrx_word' id='word_1_316' title='bbox 593 4214 614 4260; x_wconf 88' lang='lat'><strong>1.</strong></span> <span class='ocrx_word' id='word_1_317' title='bbox 625 4206 772 4262; x_wconf 59' lang='lat' dir='ltr'><strong>⁴Gooduin</strong></span> <span class='ocrx_word' id='word_1_318' title='bbox 785 4213 842 4277; x_wconf 82' lang='lat'>710,</span> <span class='ocrx_word' id='word_1_319' title='bbox 853 4213 876 4262; x_wconf 82' lang='lat'><strong>2.</strong></span> <span class='ocrx_word' id='word_1_320' title='bbox 937 4209 959 4277; x_wconf 59' lang='grc' dir='ltr'><strong>λ)</strong></span> <span class='ocrx_word' id='word_1_321' title='bbox 978 4208 1027 4276; x_wconf 86' lang='grc' dir='ltr'><strong><em>,,Ιιι</em></strong></span> <span class='ocrx_word' id='word_1_322' title='bbox 1045 4207 1091 4261; x_wconf 89' lang='lat' dir='ltr'><strong>the</strong></span> <span class='ocrx_word' id='word_1_323' title='bbox 1110 4221 1186 4260; x_wconf 86' lang='lat' dir='ltr'><strong>same</strong></span> <span class='ocrx_word' id='word_1_324' title='bbox 1204 4221 1286 4260; x_wconf 86' lang='lat' dir='ltr'><strong>sense</strong></span> <span class='ocrx_word' id='word_1_325' title='bbox 1305 4221 1336 4260; x_wconf 86' lang='lat' dir='ltr'><strong>as</strong></span> <span class='ocrx_word' id='word_1_326' title='bbox 1353 4195 1407 4276; x_wconf 85' lang='grc' dir='ltr'><strong><em>ότι,</em></strong></span> <span class='ocrx_word' id='word_1_327' title='bbox 1426 4205 1469 4262; x_wconf 84' lang='lat' dir='ltr'><strong>scr</strong></span> 
     </span>
     <span class='ocr_line' id='line_1_38' title="bbox 344 4283 1468 4362; baseline 0.001 -17"><span class='ocrx_word' id='word_1_328' title='bbox 344 4291 432 4346; x_wconf 87' lang='lat' dir='ltr'><strong>which</strong></span> <span class='ocrx_word' id='word_1_329' title='bbox 449 4292 472 4345; x_wconf 82' lang='lat' dir='ltr'><strong>il</strong></span> <span class='ocrx_word' id='word_1_330' title='bbox 488 4293 512 4346; x_wconf 91' lang='lat' dir='ltr'><strong>is</strong></span> <span class='ocrx_word' id='word_1_331' title='bbox 530 4297 580 4346; x_wconf 76' lang='grc' dir='ltr'><strong><em>σοι</em></strong></span> <span class='ocrx_word' id='word_1_332' title='bbox 598 4291 795 4362; x_wconf 81' lang='lat' dir='ltr'><strong>uufsequeutly</strong></span> <span class='ocrx_word' id='word_1_333' title='bbox 813 4293 896 4362; x_wconf 86' lang='lat' dir='ltr'><strong>used,</strong></span> <span class='ocrx_word' id='word_1_334' title='bbox 923 4291 1074 4362; x_wconf 82' lang='lat' dir='ltr'><strong>especially</strong></span> <span class='ocrx_word' id='word_1_335' title='bbox 1096 4292 1134 4362; x_wconf 91' lang='lat' dir='ltr'><strong>hy</strong></span> <span class='ocrx_word' id='word_1_336' title='bbox 1152 4291 1296 4359; x_wconf 83' lang='lat' dir='ltr'><strong>leocrates,</strong></span> <span class='ocrx_word' id='word_1_337' title='bbox 1312 4283 1404 4346; x_wconf 88' lang='lat' dir='ltr'><strong>&#39;when</strong></span> <span class='ocrx_word' id='word_1_338' title='bbox 1422 4291 1468 4346; x_wconf 79' lang='lat' dir='ltr'><strong>ihc</strong></span> 
     </span>
    </p>
   </div>
   <div class='ocr_carea' id='block_1_4' title="bbox 342 4376 789 4448">
    <p class='ocr_par' dir='ltr' id='par_1_6' title="bbox 342 4376 789 4448">
     <span class='ocr_line' id='line_1_39' title="bbox 342 4376 789 4448; baseline 0.002 -16"><span class='ocrx_word' id='word_1_339' title='bbox 342 4377 433 4443; x_wconf 63' lang='lat' dir='ltr'><strong>huius</strong></span> <span class='ocrx_word' id='word_1_340' title='bbox 451 4378 475 4432; x_wconf 91' lang='lat' dir='ltr'><strong>is</strong></span> <span class='ocrx_word' id='word_1_341' title='bbox 493 4376 609 4448; x_wconf 83' lang='lat' dir='ltr'><strong>thereby</strong></span> <span class='ocrx_word' id='word_1_342' title='bbox 626 4377 726 4434; x_wconf 86' lang='lat' dir='ltr'><strong>avoil“</strong></span> <span class='ocrx_word' id='word_1_343' title='bbox 744 4377 789 4439; x_wconf 75' lang='lat' dir='ltr'><strong>sa</strong></span> 
     </span>
    </p>
   </div>
   <div class='ocr_carea' id='block_1_5' title="bbox 0 0 1616 5092">
    <p class='ocr_par' dir='ltr' id='par_1_7' title="bbox 0 0 1616 5092">
     <span class='ocr_line' id='line_1_40' title="bbox 0 0 1616 5092; baseline 0 1"><span class='ocrx_word' id='word_1_344' title='bbox 0 0 1616 5092; x_wconf 95' lang='lat' dir='ltr'><strong> </strong></span> 
     </span>
    </p>
   </div>
  </div>
 </body>
</html>
