3222 5092
342 397 360 452 2

341 566 420 642 exigi
442 584 528 642 posse
550 571 687 642 apparet,
710 567 808 625 multis
831 565 1093 626 dissertationibus
1115 571 1258 644 congesta
1281 575 1357 628 sunt.
1403 569 1463 630 Sed

340 684 407 726 cum
430 667 460 726 in
483 667 619 744 plurimis
642 671 793 727 oratorum
817 667 985 728 Atticorum
1013 685 1110 728 sermo
1133 668 1222 728 valde
1245 671 1401 745 neglectus
1423 673 1464 730 rit

341 800 380 810 —
403 767 433 828 id
450 768 531 845 quod
549 771 674 830 maxime
690 772 882 847 perspicuum
898 776 952 847 est,
974 771 999 829 si
1015 787 1092 847 qnae
1108 771 1145 829 de
1169 789 1204 830 eo
1228 771 1371 832 habemus
1392 791 1460 832 cum

341 873 376 932 iis
399 890 617 949 comparamus,
640 891 719 949 quae
736 872 773 932 de
790 877 944 949 poetarum
962 877 993 932 et
1012 873 1221 933 historicorum
1242 874 1462 936 elocutionibus

340 976 452 1052 scripta
475 979 545 1034 sunt
567 1005 616 1047 -,
647 968 860 1036 Demosthenis
882 980 913 1035 et
934 974 1074 1052 aliorum,
1105 995 1231 1052 quorum
1255 976 1368 1053 scripta
1390 977 1459 1038 (lor-

340 1095 412 1152 pore
445 1077 677 1138 Demosthenico
710 1079 903 1151 exhibentur,
942 1095 1026 1137 usum
1063 1077 1181 1138 dicendi
1214 1078 1390 1155 quibusdam
1422 1098 1460 1139 ex

340 1179 476 1256 partibus
497 1199 543 1239 me
567 1180 731 1240 illustrasse
755 1199 814 1240 non
839 1180 927 1255 plane
949 1179 1053 1240 inutile
1076 1180 1233 1240 videbitur.

424 1300 540 1360 Deinde
569 1301 597 1361 in
621 1301 717 1360 altera
740 1299 958 1360 dissertationis
989 1309 1074 1376 parte
1097 1300 1295 1376 perpendam,
1325 1301 1397 1378 quid
1421 1321 1458 1362 cx

339 1402 385 1462 his
409 1403 662 1480 disquisitionibus
677 1402 876 1479 grammaticis
899 1402 937 1463 ad
961 1405 1111 1463 orationes
1129 1421 1198 1464 vere
1215 1405 1459 1464 Demosthenicas

338 1505 375 1564 ab
398 1505 445 1576 iis,
476 1505 584 1581 quibus
609 1505 684 1564 falso
707 1503 916 1565 Demosthenis
947 1523 1054 1564 nomeu
1078 1507 1238 1582 ascriptum
1263 1509 1318 1583 est,
1348 1506 1458 1568 discer-

338 1606 453 1667 nendas
476 1608 678 1684 colligendum
705 1609 752 1666 sit.
795 1608 914 1667 Etenim
938 1627 974 1666 ex
998 1609 1154 1684 sexaginta
1176 1609 1211 1667 iis
1234 1609 1458 1682 erationibus,¹)

337 1709 557 1786 quinquaginta
578 1728 630 1770 sex
654 1707 852 1785 prooemiis,²)
882 1727 935 1769 sex
959 1711 1108 1787 epistulis,
1131 1728 1208 1787 quae
1232 1729 1250 1770 a
1272 1710 1458 1773 Callimacho

338 1813 433 1888 primo
466 1813 660 1872 Demostheni
693 1812 835 1872 attributa
872 1829 939 1872 esse
977 1818 1114 1872 constare
1151 1812 1282 1886 videtur,
1319 1833 1457 1891 magnam

337 1918 451 1990 partem
482 1914 615 1991 spuriam
646 1932 711 1974 esse
742 1918 772 1974 et
801 1919 920 1974 veteres
942 1915 1128 1990 grammatici
1153 1911 1404 1992 perspexerunt⁸)
1427 1923 1458 1975 et

337 2034 439 2076 omnes
474 2018 524 2092 qui
558 2015 605 2076 bis
638 2016 822 2093 temporibus
855 2016 891 2075 de
926 2017 962 2075 iis
996 2020 1122 2092 egerunt
1155 2017 1354 2078 consentiunt.
1397 2018 1457 2078 Sed

337 2137 517 2196 quamquam
549 2119 687 2195 permulti
718 2120 747 2178 in
779 2119 826 2178 bis
858 2118 964 2178 studiis
993 2120 1103 2178 versati
1132 2124 1215 2196 sunt,
1244 2121 1317 2180 satis
1346 2120 1457 2181 multae

337 2229 407 2281 sunt
444 2223 608 2298 orationes,
645 2239 720 2297 quas
758 2222 826 2297 quis
870 2222 1079 2298 conscripserit
1123 2222 1261 2282 dubitare
1297 2223 1379 2296 licet,
1423 2230 1457 2283 ut

338 2342 380 2382 or.
397 2327 445 2384 25.
461 2308 536 2381 κατ’
551 2308 830 2401 Ἀριστογείτονος
847 2314 887 2395 α’,
911 2326 960 2384 29.
975 2308 1061 2400 πρὸς
1072 2309 1214 2399 Ἄφοβον
1235 2306 1321 2403 ὑπὲρ
1339 2314 1458 2384 Φάνου

335 2419 647 2503 ψευδομαρτυρίων,
662 2428 723 2487 39.
738 2414 824 2501 πρὸς
846 2415 1002 2484 Βοιωτὸν
1023 2420 1100 2503 περὶ
1122 2421 1185 2485 τοῦ
1207 2410 1383 2503 ὀνόματος,
1405 2432 1457 2488 41.

334 2516 420 2603 πρὸς
441 2521 621 2587 Σπουδίαν
646 2520 731 2604 ὑπὲρ
761 2517 912 2603 προικός,
945 2532 995 2589 45.
1018 2517 1104 2586 κατὰ
1126 2518 1306 2604 Στεφάνου
1332 2521 1456 2606 ψευδο-

333 2625 527 2708 μαρτυρίων
550 2621 590 2704 α’,
614 2635 663 2692 55.
677 2621 764 2707 πρὸς
785 2625 976 2690 Καλλικλέα
999 2625 1076 2707 περὶ
1096 2627 1224 2708 χωρίου
1246 2621 1381 2710 βλάβης,
1404 2637 1457 2695 57.

335 2723 444 2810 ἔφεσις
457 2724 543 2812 πρὸς
558 2718 773 2813 Εὐβουλίδην
796 2735 848 2811 al.;
870 2735 1001 2810 itemque
1024 2734 1060 2792 de
1084 2735 1243 2810 prooemiis
1266 2741 1297 2794 et
1318 2736 1457 2812 epistulis

334 2837 445 2897 iudicia
475 2839 601 2897 maxime
633 2837 801 2896 discedunt.
846 2837 930 2910 Quae
954 2836 1023 2895 milri
1048 2837 1213 2912 reputanti,
1242 2855 1308 2896 cum
1332 2838 1456 2914 linguae

332 2947 507 3002 accuratam
538 2942 671 3002 notitiam
694 2941 732 3000 ad
757 2941 910 3002 historiam
933 2941 1099 3000 litterarum
1130 2940 1335 3002 illustrandam
1363 2942 1455 3018 pluri-

332 3063 410 3104 mum
435 3044 580 3121 proficere
604 3063 640 3104 ex
663 3033 889 3119 Bernhardyi,⁴)
920 3040 1186 3118 Dittenbergeri,⁵)
1216 3043 1252 3103 al.
1275 3050 1455 3104 commenta·

331 3147 463 3208 tionibus
492 3165 666 3224 persuasum
698 3147 837 3206 haberem
865 3164 964 3222 neque
992 3145 1028 3204 ab
1060 3146 1127 3205 aliis
1149 3145 1226 3206 idem
1250 3147 1454 3221 spectantibus

331 3251 471 3310 maiorem
495 3250 624 3326 aliquam
648 3256 763 3325 partem
780 3247 915 3323 syntaxis
930 3246 1180 3306 Demosthenicae
1201 3249 1229 3308 in
1246 3249 1454 3324 quaestionem

417 3430 438 3497 ¹)
457 3427 588 3499 Epistula
600 3426 731 3496 Philippi,
749 3441 821 3494 quae
840 3425 973 3494 Corporis
986 3424 1194 3480 Demostheuiei
1213 3427 1302 3481 locum
1322 3427 1454 3486 duedeci-

331 3529 402 3566 mum
422 3513 540 3578 obtinet,
560 3511 733 3567 secludenda
750 3516 802 3564 est.
899 3511 919 3581 λ)
938 3509 990 3564 Vel
1009 3511 1105 3577 potius
1124 3509 1372 3581 duodesexaginta.
1409 3513 1454 3568 Cf.

329 3597 418 3664 Blass,
436 3599 496 3654 Att.
514 3598 626 3652 Bereds.
647 3595 697 3650 ΙΙΙ.
714 3599 808 3651 ’1893.
827 3613 853 3665 p.
863 3599 922 3650 32².
1026 3597 1047 3664 ⁸)
1067 3594 1109 3650 Cf.
1129 3597 1209 3650 Blass
1227 3597 1243 3651 l.
1261 3613 1284 3652 c.
1303 3615 1329 3666 p.
1340 3603 1372 3653 53
1391 3613 1453 3668 sqq.

329 3683 446 3752 passim;
465 3681 653 3751 Chronologia
670 3681 749 3735 Dem.
768 3682 812 3735 ed.
831 3680 972 3735 Teubnl.
990 3686 1039 3749 p.l
1061 3695 1123 3749 sqq.
1201 3685 1224 3750 ⁴)
1242 3682 1454 3752 Paralipomenon

328 3786 356 3838 p.
367 3773 412 3824 3³:
448 3768 613 3836 „Historiam
640 3768 795 3822 litterarum
822 3767 991 3822 Graecarum
1018 3781 1062 3820 ars
1086 3772 1115 3821 et
1138 3767 1258 3822 elocutio
1286 3768 1452 3836 scriptorum

328 3854 439 3924 plenius
458 3861 591 3923 percepta
609 3853 789 3908 corroborare
807 3852 881 3906 solet
898 3857 928 3906 et
945 3851 1056 3919 longius
1069 3857 1222 3920 promovet,
1240 3853 1403 3921 praesertim
1422 3854 1451 3908 in

326 3939 479 3994 reconditis
497 3939 553 3993 illis
572 3938 713 4006 capitibus
732 3943 761 3992 et
778 3936 899 3991 omnium
918 3935 1036 3991 maxime
1054 3937 1234 4006 necessariis,
1257 3953 1328 4008 quae
1345 3938 1452 3994 nostris

329 4025 424 4093 potius
443 4023 574 4077 sensibus
593 4031 622 4077 et
638 4023 750 4077 indiciis
773 4036 855 4090 quam
875 4021 1092 4076 auetoritatibus
1114 4020 1254 4076 hominum
1273 4023 1451 4092 antiquorum

328 4111 490 4175 reguntur“.
589 4112 610 4172 5)
628 4107 829 4162 HermesXVl.
847 4122 873 4175 p.
884 4110 947 4160 321:
978 4105 1050 4176 „We
1067 4107 1137 4160 liber
1155 4107 1285 4162 Echtbeit
1308 4111 1376 4162 oder
1395 4107 1451 4164 Un-

328 4193 453 4248 echthelt
476 4194 553 4247 eines
575 4191 791 4248 Schriirstellers
820 4189 999 4246 entsehieden
1025 4192 1136 4245 werden
1160 4193 1226 4261 soll,
1254 4192 1289 4245 da
1316 4193 1389 4246 kann
1419 4209 1451 4248 es

327 4278 409 4334 kelne
437 4279 655 4345 nnverliissigere
681 4277 845 4345 Grundlage
873 4277 923 4331 der
946 4275 1162 4344 Untersuebung
1188 4277 1292 4345 geben,
1319 4279 1361 4330 als
1388 4279 1451 4332 eino

327 4378 436 4434 genuus
454 4362 510 4416 und
530 4361 731 4431 eindringende
749 4359 952 4426 Beobacbtung
969 4361 1019 4414 des
1038 4359 1327 4429 Spraelrgebrauchs.“
