3222 5092
246 1467 469 1578 Demosthenis
485 1537 569 1578 usum
583 1518 702 1580 dicendi
718 1525 750 1580 nt
762 1519 932 1597 diligentius
945 1526 1160 1601 perscrutarer,
1175 1523 1281 1582 studiis

161 1620 339 1696 quibusdam
355 1620 393 1680 ad
410 1639 452 1680 or.
467 1625 508 1683 45
531 1622 646 1682 collatis
661 1622 800 1682 inductus
816 1641 889 1682 sum.
927 1624 973 1682 De
989 1643 1048 1700 qua
1064 1625 1198 1685 oratione
1214 1644 1281 1685 cum

161 1722 262 1783 adhuc
285 1742 345 1783 non
369 1728 494 1800 constet,
517 1727 615 1785 utrum
639 1725 875 1785 aDemosthene
897 1744 935 1784 an
958 1725 995 1784 ab
1018 1727 1136 1803 aequali
1153 1728 1281 1804 quodam

160 1825 266 1886 summi
294 1825 375 1884 illius
405 1827 533 1886 oratoris
556 1826 692 1886 coniecta
721 1829 772 1902 sit,
802 1828 955 1904 permultis
984 1829 1041 1887 iam
1064 1829 1153 1888 rebus
1175 1834 1227 1889 aut
1250 1835 1283 1890 ut

161 1926 375 1988 condemnetur
404 1933 456 1986 ant
486 1927 519 1986 ut
548 1927 727 1989 defendatur
756 1931 851 1988 oratio
881 1930 1004 2004 prolatis
1035 1949 1113 1990 nova
1136 1932 1281 2008 quaedam

162 2038 336 2106 argumenta
366 2048 465 2106 neque
488 2049 524 2090 ea
547 2033 632 2108 parvi
654 2032 793 2091 momenti
822 2051 859 2091 ex
882 2033 1093 2092 Demosthenis
1114 2034 1283 2094 elocutione

162 2134 339 2192 examinata
354 2151 399 2192 me
422 2133 583 2192 allaturum
608 2152 673 2194 esse
689 2135 837 2210 putabam.
881 2133 938 2194 Sed
956 2154 1022 2194 cum
1039 2137 1130 2196 totius
1146 2138 1282 2214 syntaxis

162 2236 412 2296 Demosthenicae
446 2238 593 2314 expositio
627 2238 696 2312 plus
725 2239 825 2297 oneris
857 2238 993 2314 haberet,
1025 2257 1112 2315 quam
1140 2245 1173 2298 ut
1202 2241 1282 2299 vires

160 2337 347 2412 sufficerent,
383 2344 496 2416 partem
530 2339 680 2416 quandam
714 2339 753 2398 ad
787 2359 821 2400 ea
854 2359 930 2416 quac
964 2341 1033 2400 mihi
1069 2360 1281 2418 proposueram

160 2440 332 2516 peragenda
362 2441 542 2518 aptissimam
571 2461 718 2518 quaerens
748 2441 883 2502 diversas
914 2443 1073 2502 verborum
1105 2445 1223 2504 dicendi
1254 2451 1283 2506 et

161 2543 345 2614 declarandi,
369 2543 520 2620 cogitandi
544 2549 573 2603 ct
596 2545 754 2620 sentiendi,
777 2547 839 2604 sim.
856 2548 1094 2606 constructiones
1110 2548 1283 2608 tractandas

161 2646 252 2721 elegi;
282 2645 391 2706 deinde
421 2648 588 2722 peragratis
612 2647 804 2706 orationibus
834 2655 863 2706 et
893 2667 968 2707 vere.
986 2649 1224 2708 Demosthenicis
1253 2655 1283 2710 et

161 2747 347 2824 Apollodoro
371 2747 530 2807 vindicatis
546 2749 677 2824 reliquas
694 2749 780 2808 etiam
805 2750 834 2808 in
851 2751 1055 2826 quaestionem
1073 2769 1181 2811 vocare
1196 2751 1283 2812 facile

160 2850 289 2910 animum
313 2849 424 2910 induxi.

248 2967 333 3041 Quae
364 2969 415 3027 tali
446 2968 534 3028 modo
564 2969 678 3045 inveni,
710 2971 739 3028 in
771 2969 844 3028 duas
867 2974 973 3045 partes
1001 2971 1097 3030 divisa
1126 2989 1284 3048 exponam.

161 3071 294 3144 Quarum
326 3071 425 3148 priore
448 3073 639 3148 quaestiones
668 3073 878 3148 grammaticae
901 3074 1146 3150 continebuntur,
1176 3075 1283 3152 quibus

164 3173 202 3234 ad
225 3175 344 3250 linguae
369 3175 503 3234 Graecae
526 3174 678 3234 historiam
712 3175 882 3235 accuratius
906 3177 1145 3253 cognoscendam
1169 3179 1283 3255 aliquid

161 3277 360 3338 subsidiorum
385 3296 430 3337 me
452 3282 626 3354 paraturum
649 3295 714 3338 esse
737 3297 835 3355 spero.
879 3279 1063 3356 Quamquam
1081 3281 1157 3340 enim
1175 3282 1284 3341 multae

161 3385 242 3440 artes
264 3381 474 3456 grammaticae
497 3386 527 3440 et
550 3382 579 3440 in
600 3399 654 3442 suo
670 3401 781 3458 genere
797 3382 971 3458 praeclarae
988 3403 1005 3442 a
1021 3385 1093 3444 viris
1109 3383 1285 3445 doctissimis

162 3483 350 3559 conscriptae
367 3489 444 3555 sunt,
467 3487 566 3542 tamen
584 3483 709 3569 historia
733 3485 785 3542 illa
801 3485 921 3560 linguae
938 3485 1069 3545 Graecae
1085 3487 1122 3546 ab
1139 3488 1284 3560 omnihus,

162 3575 289 3662 quorum
313 3585 350 3646 do
373 3604 408 3645 ca
431 3603 462 3644 se
487 3585 590 3645 melius
614 3585 715 3645 doceri
738 3588 871 3661 interest,
894 3587 993 3646 adhuc
1016 3587 1218 3666 desideratur,
1243 3591 1285 3648 ita

161 3695 194 3746 ut
216 3687 384 3766 philologos
408 3695 526 3748 nostros
549 3689 618 3748 huic
640 3707 760 3766 operam
785 3707 874 3766 quam
899 3691 1053 3749 maximam
1078 3691 1151 3750 darc
1174 3691 1285 3752 debers
1384 3749 1387 3756 r

161 3789 218 3848 viri
242 3789 402 3849 doctissimi
427 3808 481 3849 suo
505 3792 568 3849 iore
591 3789 757 3862 dixerint¹i
803 3793 901 3867 Atque
924 3792 1019 3850 multa
1041 3793 1098 3851 iam
1122 3791 1159 3850 ad
1183 3799 1285 3852 texen-

162 3891 231 3950 dum
255 3891 418 3968 hocopus,
442 3891 522 3968 quod
546 3893 604 3953 tale
628 3893 716 3970 quale
732 3899 870 3970 optamus
893 3896 1012 3953 nonnisi
1036 3894 1134 3953 multis
1158 3913 1284 3972 eaquae

162 3993 199 4052 de
222 3994 404 4070 singularum
429 4001 560 4054 aetatum
584 3995 803 4054 elocutionibus
826 3997 1005 4056 invenerunt
1028 3997 1285 4058 contribuentibus

250 4207 268 4274 ¹)
296 4206 332 4260 M.
351 4199 464 4274 Schanu,
484 4209 569 4262 Beitr.
589 4225 610 4263 z.
631 4209 693 4262 hist.
712 4208 819 4278 Syntax
838 4209 865 4262 d.
883 4225 924 4276 gr.
943 4210 1004 4278 Spr.
1032 4210 1102 4278 11,1.
1122 4210 1207 4279 p.V1.
1243 4210 1286 4266 ef.

163 4292 336 4360 Bernhardy,
361 4293 571 4361 Paralipomena
590 4300 665 4364 synt.
685 4293 731 4347 Gr.
751 4293 901 4348 comment.
920 4296 997 4350 acad.
1017 4296 1095 4351 Halis
1116 4300 1285 4364 ternpus.

161 4375 186 4430 J.
200 4379 240 4428 Lu
252 4375 357 4443 Rochc‚
374 4376 459 4430 Beitr.
479 4393 501 4430 n.
520 4393 562 4445 gr.
580 4377 627 4430 Gr.
655 4380 810 4445 Lpz.1893.
830 4394 857 4446 p.
868 4377 917 4430 Ill.

1086 4486 1096 4533 l
