3222 5092
1242 405 1288 463 291

178 627 209 654 Ι.
256 577 442 638 'infinitivum
471 598 490 637 a
520 578 667 654 particula
696 563 783 636 ὥστε
814 578 992 653 pendentem
1023 580 1073 651 29,
1086 580 1135 637 32.
1166 578 1283 650 30,14;

212 691 214 696 “
315 701 380 740 cum
397 682 523 740 articulo
540 684 669 741 iunctum
692 686 719 751 2,
731 685 760 740 5.
783 685 832 750 24,
845 683 894 740 76.
917 681 969 750 ΙΙΙ,
982 684 1012 756 7;
1036 699 1089 755 per
1105 679 1283 756 particulam

315 769 358 841 ἄν
380 785 459 842 modi
482 785 653 860 potentialis
675 787 703 842 vi
722 784 887 856 praeditum
913 776 999 857 10¹⁶⁸3
1021 783 1143 841 subiecti
1160 782 1228 840 loco
1244 780 1283 839 ad

315 881 376 960 det,
406 875 478 966 χρή,
510 877 683 967 προσήκει,
717 876 816 957 ἔστιν,
851 878 990 957 ἔνεστιν,
1021 870 1085 943 οὐκ
1107 875 1283 961 ἐνδέχεται,

316 977 411 1064 ἄξιον
433 985 588 1063 (δίκαιον,
618 979 745 1071 ῥᾴδιον,
773 981 937 1067 χαλεπόν)
960 981 1051 1046 ἐστιν
1072 989 1136 1047 sim.
1158 987 1283 1046 relatum

316 1087 402 1163 57¹⁰⁸3
436 1113 455 1152 a
477 1094 662 1170 temporibus
693 1093 909 1170 principalibus
938 1093 1097 1151 verborum
1130 1080 1284 1163 δύναμαι,

315 1185 490 1272 βούλομαι,
520 1186 593 1272 ἔχω,
625 1193 750 1272 τολμῶ,
781 1189 836 1266 ἐῶ,
865 1186 995 1253 κελεύω
1017 1197 1080 1253 sim.
1103 1194 1284 1270 pendentem

317 1291 404 1371 72¹⁰⁸3

265 1400 453 1476 participium
482 1401 512 1459 in
535 1399 612 1459 idem
636 1401 781 1476 temporis
808 1402 937 1476 spatium
960 1405 1052 1477 atque
1074 1400 1198 1460 verbum
1222 1397 1285 1458 fini·

316 1506 379 1562 tum
402 1503 538 1562 incidens
560 1510 589 1562 et
610 1504 647 1562 ad
671 1509 789 1579 tempus
812 1521 957 1580 praesens
980 1503 1029 1561 vel
1051 1501 1184 1562 futurum
1200 1520 1284 1578 spec·

315 1609 382 1664 tans
407 1609 494 1681 19¹⁶⁸3

161 1705 188 1779 ε)
216 1713 288 1784 post
309 1707 515 1785 imperfectum
546 1709 583 1768 ad
614 1709 791 1785 particulam
815 1702 844 1766 εἰ
867 1710 993 1768 relatum
1016 1713 1070 1786 ter,
1100 1726 1167 1768 enm
1195 1707 1285 1786 parti·

216 1811 287 1869 cula
310 1798 352 1868 ἄν
375 1813 509 1871 iunctum
525 1791 586 1872 ter.

247 1915 314 1973 Hac
336 1915 365 1972 in
390 1916 611 1990 computatione
640 1934 742 1974 omues
764 1933 817 1974 eos
839 1916 922 1974 locos
945 1916 1042 1991 omisi,
1071 1915 1120 1973 ubi
1149 1893 1286 1982 autleni)

69 2082 70 2085 ¹
163 2001 227 2074 οἶδ’
244 1999 306 2088 ὅτι,
330 2009 436 2094 δῆλον
451 2003 505 2075 ὅτι
520 1999 592 2089 (ὦς)
614 2037 669 2094 pro
692 2018 843 2076 adverbiis
866 2023 1050 2094 usurpantur·
1072 2023 1125 2076 ant
1147 2000 1201 2075 ὅτι
1215 2010 1285 2088 (ὡς)

165 2117 203 2177 ad
219 2119 396 2178 Latinorum
413 2114 531 2196 „qnod“
547 2120 717 2196 respondet,
734 2123 874 2196 qnoniam
890 2121 938 2178 hic
954 2121 1177 2179 enuntiationes
1192 2120 1286 2197 expli·

163 2222 280 2280 oativae
305 2223 438 2282 averbis
461 2223 589 2294 dicendi,
612 2223 761 2294 sentienti,
784 2225 847 2282 sim.
870 2223 1037 2301 pendentes
1059 2242 1119 2282 nou
1136 2223 1286 2299 leguntur.

249 2326 279 2390 2)
304 2324 422 2384 Deinde
444 2331 580 2402 tempora
607 2333 637 2384 et
664 2325 742 2386 modi
770 2327 915 2386 orationis
944 2331 1045 2385 rectae
1076 2327 1192 2386 etiamsi
1214 2331 1286 2385 tem·

163 2445 239 2503 pora
266 2427 407 2486 historica
437 2428 623 2504 praecedunt
652 2430 827 2506 saepissime
856 2430 1060 2488 inveniuntur.
1101 2431 1147 2488 De
1176 2429 1286 2504 quibus

163 2530 200 2588 N.
212 2528 387 2605 Sjoestrand
412 2527 461 2602 (de
485 2536 636 2590 oratorum
661 2533 826 2590 Atticorum
854 2532 884 2590 in
909 2533 1043 2590 oratione
1072 2531 1193 2606 obliqua
1216 2537 1286 2588 tem·

163 2651 269 2708 porum
294 2638 324 2691 et
343 2633 497 2691 modorum
514 2651 569 2692 usu
586 2634 802 2694 commentatio
825 2633 909 2693 acad.
932 2634 1030 2693 Luud.
1049 2633 1142 2704 1889)
1165 2635 1286 2710 copiose

162 2738 218 2794 iam
247 2737 320 2812 egit3
351 2740 482 2794 attamen
510 2737 609 2795 omnia
632 2737 768 2813 exempla
789 2738 898 2796 iterum
922 2737 1030 2814 collegi
1054 2743 1145 2813 atque
1167 2755 1287 2795 enume-

163 2838 244 2909 rabo,
274 2839 402 2914 primum
433 2846 466 2898 ut
494 2857 538 2914 ea,
570 2858 650 2916 qnae
679 2839 716 2899 de
745 2840 900 2899 indicativi
930 2845 961 2899 et
989 2841 1113 2918 optativi
1144 2838 1288 2898 orationis

164 2941 304 3018 obliquae
328 2941 498 3000 differentia
520 2943 656 3001 dicturus
671 2961 750 3018 snm,
772 2942 961 3002 examinandi
978 2943 1150 3001 facultatem
1167 2941 1287 3016 faciam3

164 3043 273 3103 deindo
297 3048 330 3103 ut
352 3044 505 3104 commode
528 3051 736 3121 cognoscatur,
767 3045 875 3121 quibus
904 3047 934 3104 in
965 3044 1149 3104 orationibus
1175 3044 1287 3102 indica·

162 3149 253 3222 tivus,
282 3147 393 3223 quibus
423 3148 575 3224 optativus
603 3148 799 3224 praeferatur.
843 3149 904 3206 Eas
933 3153 1032 3207 antem
1063 3147 1287 3224 discrepantias,

153 3265 241 3326 ‘quae
264 3249 344 3308 inter
359 3249 556 3326 Sjoestrandii
580 3259 610 3309 et
633 3267 726 3308 meam
750 3249 988 3308 dissertationem
1011 3249 1214 3326 intercedunt,
1237 3267 1287 3308 no-

164 3361 227 3411 tare
251 3351 422 3428 supersedi,
455 3370 522 3411 oum
551 3371 678 3428 qnorum
709 3351 786 3411 forte
815 3352 935 3410 intersit
960 3352 1048 3411 facile
1076 3370 1113 3410 ex
1136 3352 1188 3411 illa
1210 3369 1287 3410 com-

164 3458 270 3531 parata
293 3451 444 3530 cognituri
466 3457 532 3514 sint
576 3456 759 3514 Tabularum
783 3455 913 3531 denique
935 3455 1032 3514 forma
1055 3471 1227 3526 naussum,
1256 3457 1289 3514 ut

164 3557 346 3634 singularum
377 3557 558 3617 locutionum
589 3559 776 3636 frequentias
798 3576 858 3616 nno
881 3565 1034 3634 umquam
1057 3557 1213 3616 oculorum
1237 3557 1288 3616 ob·

166 3667 230 3720 tutu
255 3660 514 3737 comprehendere
536 3661 633 3720 liceat

249 3765 351 3823 Prima
381 3765 472 3839 igitur
499 3764 602 3822 tabula
626 3769 806 3840 conspectus
828 3781 930 3824 eornm
954 3763 1086 3822 locorum
1109 3761 1289 3838 continetur,

167 3866 216 3925 ubi
240 3869 379 3944 tempora
401 3872 431 3924 et
453 3865 531 3925 modi
554 3867 698 3925 orationis
719 3871 819 3924 rectae
842 3867 995 3924 immutata
1017 3864 1169 3940 leguntur.
